2288 3476
234 621 309 646 Mun„
321 627 361 646 5¹4

256 840 276 857 c,
289 835 337 854 δπν

230 1785 304 1809 Mum,
320 1788 358 1809 515

424 223 473 259 36
908 223 1220 259 LANDULPHI
1248 223 1318 259 DE
1346 222 1556 258 SANCTO
1584 223 1766 260 PAULO
2078 229 2129 265 [Α.
2155 231 2205 265 ιι,

422 354 624 393 Mediolani,
646 360 762 387 staret.
809 353 978 387 Consules
1008 354 1123 397 itaque
1154 354 1345 388 Mediolani
1367 354 1404 386 in
1427 354 1618 387 concordia
1647 354 1825 399 utriusque
1847 356 1955 398 partis
1983 362 2198 396 statuerunt„

422 408 489 450 ipsi
513 414 547 440 et
569 407 640 440 allii
663 407 863 451 sufraganei
886 407 1061 441 venirent.

513 503 563 536 59.
589 522 630 527 --
654 504 693 535 In
716 509 843 536 statuta
866 503 982 546 itaque
1006 504 1062 536 die
1087 514 1156 536 non
1179 504 1288 537 solum
1318 504 1529 549 suffraganei,
1553 505 1614 537 sed
1637 515 1739 548 quam
1762 505 1890 548 plures,
1920 517 2004 549 pure
2027 506 2140 540 induti
2195 524 2211 550 ,-

424 563 458 589 et
479 556 609 589 incolta
633 557 711 589 lana
733 563 767 589 et
788 557 855 589 rasi
878 557 1014 589 insolita
1036 567 1165 596 rasura,
1196 564 1436 590 concurerunt.
1483 557 1637 600 Cumque
1668 558 1950 602 archiepiscopus
1979 558 2043 592 iste
2065 559 2161 593 Anse
2183 577 2199 587 ι-

429 608 581 642 vidisset'
598 620 658 642 eos
673 616 831 642 constare
847 616 881 642 et
896 611 1037 652 populo,
1053 610 1152 653 quasi
1169 610 1196 643 si
1213 611 1329 643 forent
1344 610 1458 654 angeli
1474 610 1518 644 de
1535 610 1629 650 celis,
1648 611 1715 643 ad
1706 622 1816 654 1psum
1833 612 1998 656 populum
2013 613 2072 646 ait:
2094 614 2108 631 ‘⁴
2121 612 2179 646 O·-

431 663 520 701 “illi,
543 673 629 705 quos
652 663 709 695 hic
734 663 858 696 videtis
881 674 958 696 cum
981 663 1050 696 illis
1073 664 1171 706 capis
1195 663 1281 696 albis
1304 669 1340 696 et
1363 664 1487 707 grisiis,
1511 664 1708 706 hereticil„
1735 664 1822 698 Inde
1845 665 1997 708 simplici
2019 671 2054 699 et
2070 676 2165 699 com·

425 717 471 749 ad
486 717 728 758 expellendum
745 722 780 748 et
803 717 1038 759 diponendum
1053 716 1062 734 ¹
1086 717 1213 749 bellum
1231 723 1472 755 comoverunt3
1495 724 1731 750 verumtamen
1754 718 1873 762 gladio
1888 717 2069 752 Anselmi’
2059 729 2096 752 m
2112 718 2168 753 die
2199 727 2206 747 1

425 770 584 802 resistere
607 778 675 801 non
698 775 895 812 potuerunt.
942 769 1014 802 Sed
1037 769 1211 803 mediante
1233 776 1337 803 nocte
1359 781 1423 813 per
1445 781 1630 813 expansam
1653 771 1836 813 pecuniam
1859 782 1979 805 manus
2004 771 2210 814 primicerii

425 822 608 865 presbiteri
634 823 803 865 Stephani
827 823 1015 856 fortissima
1037 821 1089 856 in'
1113 834 1246 856 summo
1278 823 1429 856 diluculo
1453 823 1563 866 ipsum
1586 822 1787 857 Anselmum
1809 835 1831 857 a
1852 823 1936 857 sede
1959 824 2135 868 compulit.
2162 830 2201 858 ι’

429 886 507 908 cum
530 886 599 908 non
622 875 797 908 inveniret
827 886 895 919 quo
920 876 1126 915 declinaret,
1156 881 1338 919 paternam
1369 886 1465 908 suam
1488 876 1625 909 domum
1654 876 1808 909 intravit.
1853 878 2030 921 Factoque
2060 888 2172 919 mane,
2201 895 2205 902 ·

427 929 535 961 altera
557 928 649 961 idem
674 928 857 961 Anselmus
881 940 996 962 coram
1026 929 1148 962 humili
1171 940 1232 962 sua
1262 929 1376 971 plebe,
1399 930 1435 962 in
1458 929 1607 962 ecclesia
1629 930 1740 963 sancti
1763 928 1938 964 Ambrosii
1967 937 2210 977 congregata„⁵

426 988 586 1025 presente
610 983 724 1026 jurare
749 982 833 1015 fecit
857 982 1083 1015 camerarium
1107 994 1214 1022 suum,
1230 994 1273 1015 ne
1290 983 1355 1016 iste
1378 982 1537 1015 dominus
1559 993 1640 1016 suus
1656 983 1829 1027 effugeret
1850 984 2010 1028 juditium
2028 984 2103 1027 ipse
2132 1010 2136 1013 »
2176 1001 2197 1014 ι.

426 1045 626 1079 ganeorum,
649 1042 682 1069 et
705 1046 822 1069 coram
847 1036 897 1069 eis
919 1037 1147 1079 responderet
1170 1037 1368 1078 Stephanus
1391 1036 1594 1074 Guandeca,
1625 1036 1722 1069 dicto
1746 1036 1954 1080 presbitero,
1983 1037 2028 1070 de
2051 1037 2117 1070 hiis
2165 1054 2193 1066 ,ι
2218 1042 2219 1046 ’

427 1099 512 1132 quas
534 1089 598 1122 sibi
622 1089 811 1133 objecerat,
834 1097 965 1123 remota
996 1100 1101 1122 causa
1129 1090 1222 1134 regis
1246 1090 1408 1123 Conradi.
1454 1090 1606 1133 Johanes
1636 1096 1752 1123 autem
1781 1090 1825 1122 de
1848 1090 1962 1129 Rode,
1990 1100 2078 1125 unus
2100 1091 2146 1126 de
2177 1089 2218 1118 ω’

426 1141 555 1174 sulibus
577 1142 781 1181 Mediolani,
804 1154 963 1176 reversus
986 1143 1031 1175 ad
1055 1143 1197 1176 alteram
1221 1148 1363 1186 partem,
1381 1154 1448 1186 que
1464 1154 1541 1176 eum
1556 1143 1706 1181 miserat,
1731 1144 1774 1176 de
1790 1144 1984 1188 juramento
2006 1143 2074 1178 isto
2095 1143 2145 1178 A·
2163 1170 2165 1172 -

429 1195 535 1228 nichil
558 1196 687 1232 retulit,
714 1197 776 1228 sed
799 1197 858 1228 ait:
893 1197 908 1212 “
923 1196 1094 1228 Dominus
1116 1196 1186 1235 ille,
1210 1197 1255 1229 ad
1278 1207 1380 1240 quem
1403 1208 1457 1229 me
1481 1197 1629 1235 misistis,
1653 1197 1698 1229 ad
1721 1197 1849 1229 nullam
1872 1196 2040 1230 rationem
2063 1197 2188 1231 fatien
2203 1195 2206 1198 ’

433 1250 447 1266 “
460 1248 560 1281 nobis
582 1249 700 1282 venire
716 1249 871 1292 promitit
885 1274 912 1292 π.
959 1250 1060 1282 Tunc
1077 1249 1137 1292 qui
1153 1251 1190 1282 in
1206 1250 1367 1282 contione
1383 1250 1443 1282 illa
1459 1250 1614 1288 aderant,
1631 1249 1880 1283 clamaverunt:
1910 1251 1924 1268 ‘⁶
1937 1250 1981 1283 Et
1995 1250 2073 1293 ipse
2087 1250 2192 1285 deinc
2207 1243 2220 1258 '³

433 1302 503 1334 “sit
524 1308 675 1335 remotus
697 1314 718 1334 a
741 1302 860 1335 nobisl
877 1326 891 1342 „
920 1301 974 1335 Ac
997 1303 1048 1335 sic
1071 1303 1214 1346 quisque
1239 1304 1463 1347 suffraganeus
1494 1304 1540 1336 ad
1570 1303 1687 1335 sedem
1719 1314 1813 1336 suam
1843 1303 1958 1343 rediit,
1981 1303 2045 1337 nisi
2073 1303 2166 1338 Ro·
2199 1320 2214 1330 ·=

427 1354 646 1394 Albanensis,
670 1355 727 1398 qui
750 1356 787 1387 in
811 1356 969 1388 crismate
992 1361 1027 1388 et
1049 1356 1084 1387 in
1108 1357 1235 1388 ceteris
1265 1356 1522 1398 episcopalibus
1553 1356 1665 1388 offitiis
1689 1356 1838 1389 ecclesie
1867 1356 2059 1390 Mediolani
2086 1357 2163 1391 sub·
2181 1374 2206 1384 α·

427 1407 612 1441 Anselmus
635 1415 747 1442 autem
771 1409 840 1451 ille,
864 1410 961 1452 quasi
985 1420 1005 1441 a
1027 1415 1152 1442 cuncto
1180 1409 1272 1442 clero
1297 1415 1331 1441 et
1354 1409 1483 1452 populo
1507 1409 1660 1454 abjectus
1684 1415 1719 1442 et
1741 1409 1912 1452 expulsus,
1934 1410 1980 1443 ad
2002 1410 2104 1444 solita
2126 1420 2186 1443 cas
2208 1432 2210 1434 >

428 1462 744 1505 archiepiscopatus
769 1462 886 1500 exivit,
908 1462 944 1494 in
967 1462 1091 1505 quibus
1114 1462 1400 1505 qualemcumque
1422 1463 1578 1506 requiem
1602 1462 1764 1505 suscepit.

517 1560 569 1592 60.
594 1556 635 1582 '—
658 1559 800 1592 Interim
831 1559 1051 1592 Innocentius
1079 1570 1172 1602 papa
1202 1559 1292 1592 Pisis
1322 1560 1481 1592 sinodum
1512 1559 1712 1600 celebravit,
1736 1560 1773 1591 in
1796 1570 1876 1603 qua,
1908 1559 2060 1594 Ribaldo
2090 1561 2225 1608 episcq

427 1613 624 1646 Albanense
653 1618 910 1654 representante
922 1612 944 1651 ²,
975 1612 1154 1645 Tebaldus
1184 1613 1228 1645 de
1257 1612 1453 1645 Landriano
1491 1612 1756 1655 archipresbiter
1789 1613 1936 1646 ecclesie
1974 1613 2191 1647 Mediolane·
2216 1631 2218 1633 ·

430 1665 550 1699 Amizo
575 1666 667 1698 dela
684 1666 765 1698 Sala
788 1666 1066 1703 archidiaconus,
1088 1665 1272 1698 Anselmus
1296 1666 1340 1698 de
1357 1666 1460 1698 Rode
1484 1666 1590 1697 levita
1613 1666 1807 1698 ordinarius
1822 1672 1857 1698 et
1880 1665 1950 1698 allii
1972 1666 2088 1710 plures
2103 1666 2222 1703 eiusd'

431 1720 581 1752 ecclesie
611 1719 790 1757 ordinarii,
821 1719 1024 1751 Innocentio
1048 1729 1138 1761 pape
1161 1719 1360 1751 fidelitatem
1390 1719 1601 1762 juraverunt.
1647 1719 1898 1752 Cremonenses
1928 1729 2012 1752 vero
2035 1730 2175 1764 nequsq
2207 1710 2226 1748 rs

432 1772 588 1817 propter'
610 1774 701 1806 hanc
717 1773 916 1805 fidelitatem
933 1772 1060 1804 milites
1074 1772 1368 1812 Mediolanenses,
1384 1783 1469 1816 qnos
1485 1779 1607 1814 captos
1622 1772 1807 1811 habebant,
1825 1773 2035 1807 dimiserunt.
2079 1772 2151 1807 Sed
2165 1785 2201 1816 p
2216 1774 2217 1777 ’

431 1828 654 1860 Innocentius
677 1826 932 1869 depositionem
957 1832 991 1858 et
1012 1826 1249 1868 expulsionem
1271 1836 1354 1868 sepe
1371 1827 1455 1859 dicti
1471 1825 1628 1858 Anselmi
1645 1827 1688 1859 de
1711 1826 1869 1859 Pusterla
1892 1827 2048 1861 firmavit.
2093 1827 2202 1861 Atta

429 1880 659 1923 prenominati
683 1880 741 1923 qui
764 1880 964 1912 fidelitatem
985 1879 1194 1923 juraverant,
1217 1880 1373 1912 timentes
1396 1880 1458 1912 hos
1475 1890 1573 1912 casus
1596 1879 1690 1912 urbis
1712 1885 1747 1912 et
1763 1879 1911 1912 ecclesie
1933 1879 2138 1920 Mediolani,

430 1933 554 1967 rebant
575 1934 689 1967 redire
713 1933 963 1971 Mediolanum,
986 1933 1052 1965 nisi
1075 1933 1243 1966 haberent
1266 1933 1530 1975 protectionem,
1554 1933 1614 1974 qui
1636 1943 1752 1965 coram
1776 1933 1905 1976 populo
1921 1931 2111 1968 Mediolani
2133 1918 2224 1994 coni

431 1993 541 2020 maret
563 1987 719 2019 Anselmi
751 1987 996 2029 expulsionem,
1020 1993 1055 2019 et
1077 1987 1113 2019 in
1143 1987 1307 2018 nichilum
1339 1987 1523 2019 reduceret
1553 1986 1706 2019 Conradi
1737 1987 2006 2025 coronationem,
2037 1992 2071 2018 et
2086 1997 2178 2030 pop·

430 2047 524 2073 tante
547 2040 643 2073 urbis
665 2046 877 2073 convocaret
900 2046 935 2071 et
957 2041 1176 2072 confirmaret
1200 2040 1244 2071 ad
1266 2039 1399 2072 Lotarii
1422 2040 1640 2082 imperatoris
1663 2050 1816 2072 amorem
1831 2045 1866 2072 et
1880 2040 1925 2073 ad
1939 2040 2047 2083 ipsius
2063 2039 2218 2073 Innoce·

432 2105 521 2136 pape
544 2094 720 2126 unitatem.
765 2093 823 2126 Ad
854 2094 919 2126 hec
942 2092 1143 2136 peragenda
1166 2103 1258 2135 papa
1288 2093 1376 2125 adeo
1406 2092 1568 2125 idoneum
1593 2092 1778 2136 angelum³
1810 2091 1915 2132 abuit,
1945 2093 2035 2126 sicut
2063 2093 2114 2126 Be
2142 2109 2167 2122 ·v

432 2147 540 2180 abbas
562 2147 837 2180 Claraevalensis
859 2147 934 2179 fuit.

523 2246 577 2279 61.
603 2264 638 2269 —
665 2245 803 2279 Interea
819 2245 982 2287 princeps
1007 2243 1197 2282 Conmdus,
1222 2244 1336 2276 altiori
1360 2244 1526 2277 conscilio
1550 2244 1687 2286 potitus,
1710 2244 1927 2287 imperatoris
1949 2244 2080 2278 Lotarii
2102 2244 2180 2278 vexi
2206 2251 2218 2279 ,ἰ
2260 2282 2263 2294 Γ

437 2306 488 2332 est
510 2300 624 2332 factus
635 2298 657 2331 ⁴.
702 2298 748 2330 Et
770 2297 1032 2340 prenominatus
1058 2297 1140 2330 abas
1156 2298 1229 2335 iste,
1246 2297 1294 2329 nil
1318 2303 1480 2335 moratus,
1505 2308 1582 2330 cum
1606 2296 1832 2330 Carnotensi⁶
1857 2297 2024 2340 episcopo
2045 2303 2081 2331 et
2095 2295 2215 2331 Robur
2260 2337 2263 2343 ι

438 2351 581 2384 Albensi
607 2351 843 2384 Mediolanum
866 2351 1016 2388 intravit,
1033 2361 1134 2394 quam
1151 2350 1329 2383 civitatem
1352 2350 1514 2382 nimirum
1530 2356 1634 2393 prout
1649 2351 1758 2383 voluit
1773 2351 1930 2383 firmavit.
1976 2350 2036 2383 Ad
2051 2356 2169 2384 nutum
2192 2366 2199 2377 ο
2213 2368 2231 2388 ,·-
2260 2350 2263 2359 '

438 2406 517 2439 dem
539 2406 639 2450 hujus
663 2405 773 2438 abatis
794 2405 909 2437 omnia
931 2410 1134 2437 ornamenta
1155 2403 1404 2442 ecclesiastica,
1428 2414 1495 2446 que
1518 2413 1602 2436 auro
1626 2410 1661 2435 et
1683 2409 1827 2448 argento
1849 2404 2030 2448 palliisque
2053 2404 2090 2436 in
2113 2400 2219 2437 eccl*
2260 2402 2263 2408 '

436 2459 542 2502 ipsius
565 2458 713 2492 civitatis
743 2458 958 2496 videbantur,
990 2458 1087 2501 quasi
1110 2457 1154 2490 ab
1184 2457 1259 2500 ipso
1282 2456 1382 2490 abate
1414 2457 1598 2503 despecta,
1622 2457 1658 2489 in
1680 2457 1823 2490 scrineis
1853 2457 1989 2490 reclusa
2018 2462 2184 2495 sunt37et⁴
2202 2474 2219 2487 ι,
2261 2438 2265 2467 ³

526 2582 570 2607 34.
588 2574 674 2600 XLII.
691 2574 790 2599 Beatus
808 2573 939 2599 Bernardi
958 2574 1022 2605 facit
1040 2573 1256 2599 Mediolanenses
1274 2573 1374 2598 obedire
1392 2573 1496 2598 ecclesie
1514 2575 1538 2598 et
1554 2573 1662 2599 Lotario
1679 2573 1841 2606 imperatori.
1876 2573 2011 2600 Robazaus
2029 2573 2060 2599 in
2076 2571 2163 2604 Arabs
2185 2586 2196 2592 -›
2213 2559 2216 2562 .

439 2620 504 2651 pum
521 2617 635 2649 eligitur.
670 2616 814 2642 Anselmus
832 2618 926 2649 captus
944 2616 975 2641 in
994 2616 1077 2646 Pado,
1095 2616 1177 2641 Rome
1196 2616 1309 2641 moritur

525 2713 550 2737 9.
569 2702 730 2738 presbiteri]
746 2703 839 2736 meglio
859 2704 1091 2736 archipresbyteri
1114 2717 1146 2721 —
1169 2710 1207 2736 14.
1227 2703 1369 2728 obiecerat
1386 2703 1411 2727 R
1431 2717 1463 2721 —
1484 2710 1527 2737 ²3·
1545 2703 1766 2738 representante]
1785 2705 1932 2736 praesente
1949 2703 1978 2728 N

529 2805 536 2822 ¹
555 2806 587 2831 Sl
605 2806 723 2831 intende
741 2805 949 2831 l’arcivescovo
971 2804 1117 2830 Anselmo.
1469 2803 1480 2821 ⁴
1499 2804 1628 2831 Corrsdo
1647 2805 1704 2830 alla
1721 2804 1776 2829 fine
1795 2805 1824 2829 dl
1845 2804 1994 2830 settembre
2011 2804 2057 2830 del
2078 2809 2144 2838 1135
2163 2803 2190 2830 si
2223 2835 2224 2838 Ἴ

527 2846 538 2864 ²
558 2847 666 2877 Questo
685 2848 812 2872 concilio
831 2846 936 2872 Pisano
957 2848 988 2872 su
1006 2848 1107 2872 tenuto
1127 2847 1172 2871 dal
1193 2853 1228 2878 30
1252 2853 1329 2879 mag·
1383 2848 1485 2871 tomise
1499 2846 1719 2879 all'imperatore
1732 2845 1850 2871 Lotario
1864 2847 1890 2871 11
1903 2846 1932 2871 di
1946 2845 2157 2879 Supllmbmgo.
2218 2873 2220 2877 ‚
2261 2841 2262 2844 ¹

440 2890 489 2923 glo
509 2890 535 2915 al
555 2890 571 2914 6
590 2890 698 2922 giugno
718 2890 762 2914 del
785 2894 860 2921 1135.
891 2888 1016 2914 Gmum
1030 2897 1043 2913 e
1058 2884 1243 2919 Fuunoan‘u,
1255 2887 1330 2913 Delle
1383 2888 1505 2913 Lotario
1524 2888 1625 2921 (1138),
1644 2888 1879 2913 l'Hohenstsufen
1897 2887 2036 2922 prenderit
2054 2888 2083 2913 la
2095 2894 2203 2913 corona
2260 2884 2268 2906 ἶ

440 2931 568 2957 antichitd
585 2931 909 2964 Langobardo-Milanesi.
928 2931 976 2960 ΙΙΙ,
1000 2938 1010 2955 ι
1016 2937 1057 2964 51,
1075 2938 1186 2961 errano,
1212 2931 1330 2955 riseren-
1384 2931 1471 2955 titolo
1491 2930 1520 2955 di
1541 2930 1669 2956 Corrado
1687 2930 1727 2956 111
1746 2929 1931 2963 (¹¹38·1152)·
2219 2937 2221 2939 ·
2259 2926 2262 2928 ’

442 2975 510 3000 dolo
529 2973 656 2999 all’anno
679 2981 754 3007 1134.
1473 2971 1484 2988 ⁵
1505 2972 1636 2997 Goffredo
1655 2972 1681 2997 11
1694 2973 1727 2997 de
1741 2970 1837 3005 Leves,
1854 2979 1975 2998 vescovo
1988 2973 2017 2997 dl
2036 2972 2192 3002 cmm

531 3014 543 3032 ³
562 3015 633 3042 Cloe
650 3015 764 3046 numio5
784 3016 820 3041 cs.
840 3022 925 3049 sopra
944 3022 972 3041 n.
992 3022 1034 3040 22.
1386 3014 1415 3039 dl
1435 3013 1569 3040 Chartres
1588 3014 1773 3048 (ruo-1149).
