<?xml version="1.0" encoding="UTF-8"?>
<!DOCTYPE html PUBLIC "-//W3C//DTD XHTML 1.0 Transitional//EN"
    "http://www.w3.org/TR/xhtml1/DTD/xhtml1-transitional.dtd">
<html xmlns="http://www.w3.org/1999/xhtml" xml:lang="en" lang="en">
 <head>
  <title>
</title>
<meta http-equiv="Content-Type" content="text/html;charset=utf-8" />
  <meta name='ocr-system' content='tesseract 3.04.00' />
  <meta name='ocr-capabilities' content='ocr_page ocr_carea ocr_par ocr_line ocrx_word'/>
</head>
<body>
  <div class='ocr_page' id='page_1' title='image "./rerumitalicarums523murauoft_0093.png"; bbox 0 0 2288 3476; ppageno 0'>
   <div class='ocr_carea' id='block_1_1' title="bbox 337 237 1878 277">
    <p class='ocr_par' dir='ltr' id='par_1_1' title="bbox 337 237 1878 277">
     <span class='ocr_line' id='line_1_1' title="bbox 337 237 1878 277; baseline 0 0"><span class='ocrx_word' id='word_1_1' title='bbox 337 239 583 277; x_wconf 89' lang='lat' dir='ltr'>CARMINE</span> <span class='ocrx_word' id='word_1_2' title='bbox 611 238 833 276; x_wconf 91' lang='lat' dir='ltr'>SCRIPTA</span> <span class='ocrx_word' id='word_1_3' title='bbox 861 239 900 275; x_wconf 96' lang='lat' dir='ltr'><strong>A</strong></span> <span class='ocrx_word' id='word_1_4' title='bbox 927 237 1205 275; x_wconf 89' lang='lat' dir='ltr'>DONIZONE</span> <span class='ocrx_word' id='word_1_5' title='bbox 1234 237 1576 274; x_wconf 89' lang='lat' dir='ltr'>PRESBYTERO</span> <span class='ocrx_word' id='word_1_6' title='bbox 1836 237 1878 277; x_wconf 88' lang='lat'>17</span> 
     </span>
    </p>
   </div>
   <div class='ocr_carea' id='block_1_2' title="bbox 29 315 1880 327">
    <p class='ocr_par' dir='ltr' id='par_1_2' title="bbox 29 315 1880 327">
     <span class='ocr_line' id='line_1_2' title="bbox 29 315 1880 327; baseline -0.003 -3"><span class='ocrx_word' id='word_1_7' title='bbox 29 315 1880 327; x_wconf 65' lang='grc'>.....................................................................................................................................................................................................</span> 
     </span>
    </p>
   </div>
   <div class='ocr_carea' id='block_1_3' title="bbox 427 361 1485 2278">
    <p class='ocr_par' dir='ltr' id='par_1_3' title="bbox 430 361 1441 513">
     <span class='ocr_line' id='line_1_3' title="bbox 435 361 1441 407; baseline -0.003 -10"><span class='ocrx_word' id='word_1_8' title='bbox 435 364 544 398; x_wconf 83' lang='lat' dir='ltr'>“Non</span> <span class='ocrx_word' id='word_1_9' title='bbox 567 364 686 406; x_wconf 82' lang='lat' dir='ltr'>capiar</span> <span class='ocrx_word' id='word_1_10' title='bbox 709 363 839 407; x_wconf 85' lang='lat' dir='ltr'>quippe</span> <span class='ocrx_word' id='word_1_11' title='bbox 863 362 929 395; x_wconf 91' lang='lat' dir='ltr'>nisi</span> <span class='ocrx_word' id='word_1_12' title='bbox 952 363 1066 396; x_wconf 89' lang='lat' dir='ltr'>donec</span> <span class='ocrx_word' id='word_1_13' title='bbox 1090 362 1219 396; x_wconf 80' lang='lat' dir='ltr'>vixeris</span> <span class='ocrx_word' id='word_1_14' title='bbox 1241 361 1299 394; x_wconf 86' lang='lat' dir='ltr'>hic</span> <span class='ocrx_word' id='word_1_15' title='bbox 1324 367 1395 394; x_wconf 88' lang='lat' dir='ltr'>stes</span> <span class='ocrx_word' id='word_1_16' title='bbox 1411 384 1441 401; x_wconf 79' lang='lat'>„-</span> 
     </span>
     <span class='ocr_line' id='line_1_4' title="bbox 431 416 1388 460; baseline -0.003 -10"><span class='ocrx_word' id='word_1_17' title='bbox 431 417 516 450; x_wconf 84' lang='lat' dir='ltr'>Atto</span> <span class='ocrx_word' id='word_1_18' title='bbox 540 416 662 450; x_wconf 88' lang='lat' dir='ltr'>videns</span> <span class='ocrx_word' id='word_1_19' title='bbox 684 426 828 460; x_wconf 86' lang='lat' dir='ltr'>usquam</span> <span class='ocrx_word' id='word_1_20' title='bbox 850 426 969 460; x_wconf 89' lang='lat' dir='ltr'>regem</span> <span class='ocrx_word' id='word_1_21' title='bbox 993 416 1177 449; x_wconf 77' lang='lat' dir='ltr'>discedere</span> <span class='ocrx_word' id='word_1_22' title='bbox 1201 424 1388 459; x_wconf 91' lang='lat' dir='ltr'>nunquam,</span> 
     </span>
     <span class='ocr_line' id='line_1_5' title="bbox 430 469 1262 513; baseline -0.002 -10"><span class='ocrx_word' id='word_1_23' title='bbox 430 470 571 503; x_wconf 87' lang='lat' dir='ltr'>Ottonis</span> <span class='ocrx_word' id='word_1_24' title='bbox 592 480 726 503; x_wconf 83' lang='lat' dir='ltr'>rursum</span> <span class='ocrx_word' id='word_1_25' title='bbox 748 470 836 513; x_wconf 88' lang='lat' dir='ltr'>petit</span> <span class='ocrx_word' id='word_1_26' title='bbox 860 469 1024 502; x_wconf 86' lang='lat' dir='ltr'>auxilium</span> <span class='ocrx_word' id='word_1_27' title='bbox 1048 469 1118 502; x_wconf 89' lang='lat' dir='ltr'>cito</span> <span class='ocrx_word' id='word_1_28' title='bbox 1141 479 1262 502; x_wconf 85' lang='lat' dir='ltr'>cursu:</span> 
     </span>
    </p>

    <p class='ocr_par' dir='ltr' id='par_1_4' title="bbox 429 522 1267 567">
     <span class='ocr_line' id='line_1_6' title="bbox 429 522 1267 567; baseline -0.004 -10"><span class='ocrx_word' id='word_1_29' title='bbox 429 523 466 557; x_wconf 90' lang='lat' dir='ltr'>Si</span> <span class='ocrx_word' id='word_1_30' title='bbox 489 524 610 567; x_wconf 86' lang='lat' dir='ltr'>nequit</span> <span class='ocrx_word' id='word_1_31' title='bbox 632 523 716 566; x_wconf 87' lang='lat' dir='ltr'>ipse,</span> <span class='ocrx_word' id='word_1_32' title='bbox 739 534 820 556; x_wconf 87' lang='lat' dir='ltr'>suus</span> <span class='ocrx_word' id='word_1_33' title='bbox 842 523 958 556; x_wconf 86' lang='lat' dir='ltr'>veniat</span> <span class='ocrx_word' id='word_1_34' title='bbox 981 523 1038 556; x_wconf 86' lang='lat' dir='ltr'>vel</span> <span class='ocrx_word' id='word_1_35' title='bbox 1060 522 1157 555; x_wconf 80' lang='lat' dir='ltr'>filius</span> <span class='ocrx_word' id='word_1_36' title='bbox 1180 532 1267 555; x_wconf 90' lang='lat' dir='ltr'>unus</span> 
     </span>
    </p>

    <p class='ocr_par' dir='ltr' id='par_1_5' title="bbox 434 575 1335 620">
     <span class='ocr_line' id='line_1_7' title="bbox 434 575 1335 620; baseline -0.002 -10"><span class='ocrx_word' id='word_1_37' title='bbox 434 577 584 610; x_wconf 86' lang='lat' dir='ltr'>Nomine</span> <span class='ocrx_word' id='word_1_38' title='bbox 606 576 767 617; x_wconf 66' lang='lat' dir='ltr'>Lstulfus,</span> <span class='ocrx_word' id='word_1_39' title='bbox 791 577 945 610; x_wconf 85' lang='lat' dir='ltr'>mittatur</span> <span class='ocrx_word' id='word_1_40' title='bbox 966 582 1002 609; x_wconf 90' lang='lat' dir='ltr'>et</span> <span class='ocrx_word' id='word_1_41' title='bbox 1023 576 1153 620; x_wconf 84' lang='lat' dir='ltr'>absque</span> <span class='ocrx_word' id='word_1_42' title='bbox 1177 575 1335 609; x_wconf 81' lang='lat' dir='ltr'><strong>tumultu.</strong></span> 
     </span>
    </p>

    <p class='ocr_par' dir='ltr' id='par_1_6' title="bbox 430 629 1279 673">
     <span class='ocr_line' id='line_1_8' title="bbox 430 629 1279 673; baseline -0.002 -10"><span class='ocrx_word' id='word_1_43' title='bbox 430 630 529 663; x_wconf 89' lang='lat' dir='ltr'>Mille</span> <span class='ocrx_word' id='word_1_44' title='bbox 552 630 646 663; x_wconf 87' lang='lat' dir='ltr'>viros</span> <span class='ocrx_word' id='word_1_45' title='bbox 668 636 824 673; x_wconf 89' lang='lat' dir='ltr'>promtos</span> <span class='ocrx_word' id='word_1_46' title='bbox 847 641 924 663; x_wconf 90' lang='lat' dir='ltr'>cum</span> <span class='ocrx_word' id='word_1_47' title='bbox 948 635 1029 663; x_wconf 90' lang='lat' dir='ltr'>nato</span> <span class='ocrx_word' id='word_1_48' title='bbox 1053 629 1172 673; x_wconf 82' lang='lat' dir='ltr'><strong>dirigit</strong></span> <span class='ocrx_word' id='word_1_49' title='bbox 1194 629 1279 662; x_wconf 88' lang='lat' dir='ltr'>Otto</span> 
     </span>
    </p>

    <p class='ocr_par' dir='ltr' id='par_1_7' title="bbox 433 683 1241 727">
     <span class='ocr_line' id='line_1_9' title="bbox 433 683 1241 727; baseline 0 -11"><span class='ocrx_word' id='word_1_50' title='bbox 433 684 566 717; x_wconf 87' lang='lat' dir='ltr'>Italiam</span> <span class='ocrx_word' id='word_1_51' title='bbox 589 689 718 722; x_wconf 85' lang='lat' dir='ltr'>notam,</span> <span class='ocrx_word' id='word_1_52' title='bbox 742 689 843 716; x_wconf 88' lang='lat' dir='ltr'>caute</span> <span class='ocrx_word' id='word_1_53' title='bbox 867 684 1030 727; x_wconf 87' lang='lat' dir='ltr'>venitque</span> <span class='ocrx_word' id='word_1_54' title='bbox 1053 683 1241 716; x_wconf 86' lang='lat' dir='ltr'>Veronam.</span> 
     </span>
    </p>

    <p class='ocr_par' dir='ltr' id='par_1_8' title="bbox 433 736 1314 780">
     <span class='ocr_line' id='line_1_10' title="bbox 433 736 1314 780; baseline -0.002 -10"><span class='ocrx_word' id='word_1_55' title='bbox 433 737 608 770; x_wconf 77' lang='lat' dir='ltr'>canossae</span> <span class='ocrx_word' id='word_1_56' title='bbox 632 737 763 780; x_wconf 80' lang='lat' dir='ltr'>degens</span> <span class='ocrx_word' id='word_1_57' title='bbox 786 747 849 770; x_wconf 86' lang='lat' dir='ltr'>rex</span> <span class='ocrx_word' id='word_1_58' title='bbox 872 736 980 769; x_wconf 85' lang='lat' dir='ltr'><strong>audiit</strong></span> <span class='ocrx_word' id='word_1_59' title='bbox 1002 736 1096 768; x_wconf 92' lang='lat' dir='ltr'>hunc</span> <span class='ocrx_word' id='word_1_60' title='bbox 1119 742 1158 768; x_wconf 90' lang='lat' dir='ltr'>ut</span> <span class='ocrx_word' id='word_1_61' title='bbox 1179 737 1314 775; x_wconf 80' lang='lat' dir='ltr'>adesse,</span> 
     </span>
    </p>

    <p class='ocr_par' dir='ltr' id='par_1_9' title="bbox 430 790 1325 940">
     <span class='ocr_line' id='line_1_11' title="bbox 432 790 1314 833; baseline -0.002 -9"><span class='ocrx_word' id='word_1_62' title='bbox 432 791 545 824; x_wconf 83' lang='lat' dir='ltr'>Dante</span> <span class='ocrx_word' id='word_1_63' title='bbox 567 800 690 824; x_wconf 88' lang='lat' dir='ltr'>sonum</span> <span class='ocrx_word' id='word_1_64' title='bbox 715 801 824 823; x_wconf 91' lang='lat' dir='ltr'>cornu</span> <span class='ocrx_word' id='word_1_65' title='bbox 847 790 1000 832; x_wconf 89' lang='lat' dir='ltr'>perrexit</span> <span class='ocrx_word' id='word_1_66' title='bbox 1022 790 1210 833; x_wconf 83' lang='lat' dir='ltr'>Bagisium‚</span> <span class='ocrx_word' id='word_1_67' title='bbox 1232 799 1314 822; x_wconf 85' lang='lat' dir='ltr'>mox</span> 
     </span>
     <span class='ocr_line' id='line_1_12' title="bbox 430 841 1325 887; baseline -0.001 -11"><span class='ocrx_word' id='word_1_68' title='bbox 430 844 607 887; x_wconf 88' lang='lat' dir='ltr'>Linquens</span> <span class='ocrx_word' id='word_1_69' title='bbox 631 844 808 877; x_wconf 86' lang='lat' dir='ltr'>Veronam</span> <span class='ocrx_word' id='word_1_70' title='bbox 831 843 983 876; x_wconf 77' lang='lat' dir='ltr'>Litulfus</span> <span class='ocrx_word' id='word_1_71' title='bbox 1005 844 1100 875; x_wconf 87' lang='lat' dir='ltr'>venit</span> <span class='ocrx_word' id='word_1_72' title='bbox 1122 843 1169 876; x_wconf 89' lang='lat' dir='ltr'>ad</span> <span class='ocrx_word' id='word_1_73' title='bbox 1191 841 1325 876; x_wconf 85' lang='lat' dir='ltr'>horam&#39;</span> 
     </span>
     <span class='ocr_line' id='line_1_13' title="bbox 433 897 1228 940; baseline -0.003 -10"><span class='ocrx_word' id='word_1_74' title='bbox 433 897 711 940; x_wconf 82' lang='lat' dir='ltr'>vespertinalem</span> <span class='ocrx_word' id='word_1_75' title='bbox 734 902 872 940; x_wconf 82' lang='lat' dir='ltr'>pratum</span> <span class='ocrx_word' id='word_1_76' title='bbox 896 897 1066 934; x_wconf 70' lang='lat' dir='ltr'>Bottonjs,</span> <span class='ocrx_word' id='word_1_77' title='bbox 1089 902 1124 929; x_wconf 89' lang='lat' dir='ltr'>et</span> <span class='ocrx_word' id='word_1_78' title='bbox 1147 901 1228 929; x_wconf 90' lang='lat' dir='ltr'>ante</span> 
     </span>
    </p>

    <p class='ocr_par' dir='ltr' id='par_1_10' title="bbox 429 948 1444 1048">
     <span class='ocr_line' id='line_1_14' title="bbox 432 948 1444 990; baseline -0.002 -7"><span class='ocrx_word' id='word_1_79' title='bbox 432 951 547 990; x_wconf 83' lang='lat' dir='ltr'>Quam</span> <span class='ocrx_word' id='word_1_80' title='bbox 570 960 640 983; x_wconf 84' lang='lat' dir='ltr'>nox</span> <span class='ocrx_word' id='word_1_81' title='bbox 662 955 754 983; x_wconf 81' lang='lat' dir='ltr'>tetra</span> <span class='ocrx_word' id='word_1_82' title='bbox 775 949 880 987; x_wconf 82' lang='lat' dir='ltr'>foret,</span> <span class='ocrx_word' id='word_1_83' title='bbox 903 949 970 982; x_wconf 77' lang='lat' dir='ltr'>fuit</span> <span class='ocrx_word' id='word_1_84' title='bbox 993 948 1076 982; x_wconf 90' lang='lat' dir='ltr'>Atto</span> <span class='ocrx_word' id='word_1_85' title='bbox 1102 949 1235 982; x_wconf 88' lang='lat' dir='ltr'>locutus</span> <span class='ocrx_word' id='word_1_86' title='bbox 1257 950 1303 982; x_wconf 89' lang='lat' dir='ltr'>ad</span> <span class='ocrx_word' id='word_1_87' title='bbox 1327 960 1444 983; x_wconf 87' lang='lat' dir='ltr'>aurem</span> 
     </span>
     <span class='ocr_line' id='line_1_15' title="bbox 429 1002 1268 1048; baseline -0.004 -11"><span class='ocrx_word' id='word_1_88' title='bbox 429 1003 537 1048; x_wconf 86' lang='lat' dir='ltr'>Regis</span> <span class='ocrx_word' id='word_1_89' title='bbox 559 1002 694 1043; x_wconf 84' lang='lat' dir='ltr'>Litulfi,</span> <span class='ocrx_word' id='word_1_90' title='bbox 721 1003 736 1020; x_wconf 72' lang='lat'>‘⁴</span> <span class='ocrx_word' id='word_1_91' title='bbox 751 1003 904 1037; x_wconf 89' lang='lat' dir='ltr'>Salveris</span> <span class='ocrx_word' id='word_1_92' title='bbox 917 1027 932 1043; x_wconf 82' lang='lat'><strong><em>„</em></strong></span> <span class='ocrx_word' id='word_1_93' title='bbox 961 1003 1010 1035; x_wconf 83' lang='lat' dir='ltr'>ait</span> <span class='ocrx_word' id='word_1_94' title='bbox 1033 1002 1111 1042; x_wconf 88' lang='lat' dir='ltr'>sibi,</span> <span class='ocrx_word' id='word_1_95' title='bbox 1135 1002 1268 1046; x_wconf 87' lang='lat' dir='ltr'>iungit:</span> 
     </span>
    </p>

    <p class='ocr_par' dir='ltr' id='par_1_11' title="bbox 435 1056 1451 1154">
     <span class='ocr_line' id='line_1_16' title="bbox 437 1056 1451 1100; baseline -0.001 -10"><span class='ocrx_word' id='word_1_96' title='bbox 437 1058 452 1074; x_wconf 86' lang='lat'>“</span> <span class='ocrx_word' id='word_1_97' title='bbox 466 1056 544 1090; x_wconf 83' lang='lat' dir='ltr'><strong>Stat</strong></span> <span class='ocrx_word' id='word_1_98' title='bbox 566 1057 656 1089; x_wconf 84' lang='lat' dir='ltr'>male</span> <span class='ocrx_word' id='word_1_99' title='bbox 680 1066 759 1089; x_wconf 89' lang='lat' dir='ltr'>cum</span> <span class='ocrx_word' id='word_1_100' title='bbox 781 1062 876 1100; x_wconf 87' lang='lat' dir='ltr'>gatto</span> <span class='ocrx_word' id='word_1_101' title='bbox 900 1067 974 1088; x_wconf 92' lang='lat' dir='ltr'>mus</span> <span class='ocrx_word' id='word_1_102' title='bbox 997 1056 1033 1088; x_wconf 90' lang='lat' dir='ltr'>in</span> <span class='ocrx_word' id='word_1_103' title='bbox 1056 1066 1159 1089; x_wconf 87' lang='lat' dir='ltr'>sacco</span> <span class='ocrx_word' id='word_1_104' title='bbox 1183 1056 1282 1089; x_wconf 90' lang='lat' dir='ltr'>simul</span> <span class='ocrx_word' id='word_1_105' title='bbox 1306 1062 1393 1089; x_wconf 83' lang='lat' dir='ltr'>arto.</span> <span class='ocrx_word' id='word_1_106' title='bbox 1412 1075 1451 1079; x_wconf 83' lang='lat'>—</span> 
     </span>
     <span class='ocr_line' id='line_1_17' title="bbox 435 1109 1373 1154; baseline 0.001 -12"><span class='ocrx_word' id='word_1_107' title='bbox 435 1110 449 1126; x_wconf 87' lang='lat'>“</span> <span class='ocrx_word' id='word_1_108' title='bbox 463 1110 542 1143; x_wconf 88' lang='lat' dir='ltr'>Hoc</span> <span class='ocrx_word' id='word_1_109' title='bbox 566 1110 705 1154; x_wconf 81' lang='lat' dir='ltr'>enigma</span> <span class='ocrx_word' id='word_1_110' title='bbox 725 1115 808 1152; x_wconf 87' lang='lat' dir='ltr'>peto</span> <span class='ocrx_word' id='word_1_111' title='bbox 831 1109 938 1142; x_wconf 90' lang='lat' dir='ltr'>michi</span> <span class='ocrx_word' id='word_1_112' title='bbox 961 1120 1065 1142; x_wconf 82' lang='lat' dir='ltr'>narra</span> <span class='ocrx_word' id='word_1_113' title='bbox 1079 1136 1094 1152; x_wconf 88' lang='lat'>‚‚</span> <span class='ocrx_word' id='word_1_114' title='bbox 1121 1120 1183 1142; x_wconf 88' lang='lat' dir='ltr'>rex</span> <span class='ocrx_word' id='word_1_115' title='bbox 1206 1111 1254 1142; x_wconf 85' lang='lat' dir='ltr'>ait</span> <span class='ocrx_word' id='word_1_116' title='bbox 1277 1120 1373 1153; x_wconf 88' lang='lat' dir='ltr'>ergo.</span> 
     </span>
    </p>

    <p class='ocr_par' dir='ltr' id='par_1_12' title="bbox 427 1162 1463 1421">
     <span class='ocr_line' id='line_1_18' title="bbox 434 1162 1434 1208; baseline -0.001 -12"><span class='ocrx_word' id='word_1_117' title='bbox 434 1165 448 1181; x_wconf 78' lang='lat'>‘⁴</span> <span class='ocrx_word' id='word_1_118' title='bbox 462 1163 580 1208; x_wconf 80' lang='lat' dir='ltr'>Reges</span> <span class='ocrx_word' id='word_1_119' title='bbox 593 1187 624 1204; x_wconf 83' lang='lat'>„‚</span> <span class='ocrx_word' id='word_1_120' title='bbox 646 1162 744 1203; x_wconf 90' lang='lat' dir='ltr'>Atto,</span> <span class='ocrx_word' id='word_1_121' title='bbox 774 1165 789 1181; x_wconf 82' lang='lat'>“</span> <span class='ocrx_word' id='word_1_122' title='bbox 802 1164 890 1196; x_wconf 88' lang='lat' dir='ltr'>duos</span> <span class='ocrx_word' id='word_1_123' title='bbox 914 1163 1081 1197; x_wconf 89' lang='lat' dir='ltr'>comitatu</span> <span class='ocrx_word' id='word_1_124' title='bbox 1095 1187 1125 1203; x_wconf 86' lang='lat'>„‚</span> <span class='ocrx_word' id='word_1_125' title='bbox 1149 1163 1249 1202; x_wconf 85' lang='lat' dir='ltr'>dixit,</span> <span class='ocrx_word' id='word_1_126' title='bbox 1279 1165 1293 1181; x_wconf 83' lang='lat'>“</span> <span class='ocrx_word' id='word_1_127' title='bbox 1306 1164 1342 1196; x_wconf 89' lang='lat' dir='ltr'>in</span> <span class='ocrx_word' id='word_1_128' title='bbox 1365 1173 1434 1196; x_wconf 87' lang='lat' dir='ltr'>uno</span> 
     </span>
     <span class='ocr_line' id='line_1_19' title="bbox 433 1216 1463 1260; baseline -0.002 -9"><span class='ocrx_word' id='word_1_129' title='bbox 433 1219 448 1236; x_wconf 74' lang='lat'>‘⁶</span> <span class='ocrx_word' id='word_1_130' title='bbox 463 1218 544 1251; x_wconf 91' lang='lat' dir='ltr'>Non</span> <span class='ocrx_word' id='word_1_131' title='bbox 567 1217 669 1250; x_wconf 91' lang='lat' dir='ltr'>decet</span> <span class='ocrx_word' id='word_1_132' title='bbox 685 1227 758 1250; x_wconf 87' lang='lat' dir='ltr'>esse</span> <span class='ocrx_word' id='word_1_133' title='bbox 783 1217 894 1256; x_wconf 83' lang='lat' dir='ltr'>simul,</span> <span class='ocrx_word' id='word_1_134' title='bbox 917 1223 954 1250; x_wconf 90' lang='lat' dir='ltr'>tu</span> <span class='ocrx_word' id='word_1_135' title='bbox 978 1217 1182 1250; x_wconf 87' lang='lat' dir='ltr'>conscilium</span> <span class='ocrx_word' id='word_1_136' title='bbox 1208 1227 1297 1260; x_wconf 86' lang='lat' dir='ltr'>cape</span> <span class='ocrx_word' id='word_1_137' title='bbox 1320 1216 1463 1260; x_wconf 80' lang='lat' dir='ltr'>primus.</span> 
     </span>
     <span class='ocr_line' id='line_1_20' title="bbox 433 1271 1451 1314; baseline -0.002 -10"><span class='ocrx_word' id='word_1_138' title='bbox 433 1273 448 1289; x_wconf 77' lang='lat'>‘⁴</span> <span class='ocrx_word' id='word_1_139' title='bbox 463 1271 562 1310; x_wconf 89' lang='lat' dir='ltr'><strong>Quid</strong></span> <span class='ocrx_word' id='word_1_140' title='bbox 584 1271 711 1304; x_wconf 80' lang='lat' dir='ltr'>faciam</span> <span class='ocrx_word' id='word_1_141' title='bbox 735 1281 866 1314; x_wconf 86' lang='lat' dir='ltr'>prome,</span> <span class='ocrx_word' id='word_1_142' title='bbox 890 1271 1063 1314; x_wconf 88' lang='lat' dir='ltr'>quidquid</span> <span class='ocrx_word' id='word_1_143' title='bbox 1085 1277 1124 1304; x_wconf 90' lang='lat' dir='ltr'>tu</span> <span class='ocrx_word' id='word_1_144' title='bbox 1149 1271 1281 1304; x_wconf 84' lang='lat' dir='ltr'>dixeris</span> <span class='ocrx_word' id='word_1_145' title='bbox 1303 1271 1373 1303; x_wconf 87' lang='lat' dir='ltr'>hoc</span> <span class='ocrx_word' id='word_1_146' title='bbox 1396 1281 1451 1302; x_wconf 90' lang='lat' dir='ltr'>me</span> 
     </span>
     <span class='ocr_line' id='line_1_21' title="bbox 432 1323 1374 1368; baseline -0.002 -10"><span class='ocrx_word' id='word_1_147' title='bbox 432 1326 446 1342; x_wconf 88' lang='lat'>“</span> <span class='ocrx_word' id='word_1_148' title='bbox 460 1323 624 1367; x_wconf 88' lang='lat' dir='ltr'>Spondeo</span> <span class='ocrx_word' id='word_1_149' title='bbox 648 1325 851 1365; x_wconf 75' lang='lat' dir='ltr'>facturum„</span> <span class='ocrx_word' id='word_1_150' title='bbox 879 1324 1059 1367; x_wconf 89' lang='lat' dir='ltr'>respondit</span> <span class='ocrx_word' id='word_1_151' title='bbox 1083 1324 1184 1368; x_wconf 87' lang='lat' dir='ltr'>eique</span> <span class='ocrx_word' id='word_1_152' title='bbox 1207 1323 1374 1357; x_wconf 75' lang='lat' dir='ltr'>Litulfus.</span> 
     </span>
     <span class='ocr_line' id='line_1_22' title="bbox 427 1376 1381 1421; baseline -0.001 -11"><span class='ocrx_word' id='word_1_153' title='bbox 427 1376 512 1412; x_wconf 86' lang='lat' dir='ltr'>Atto</span> <span class='ocrx_word' id='word_1_154' title='bbox 536 1377 684 1410; x_wconf 86' lang='lat' dir='ltr'>bellator</span> <span class='ocrx_word' id='word_1_155' title='bbox 712 1378 970 1411; x_wconf 79' lang='lat' dir='ltr'>“comedamus</span> <span class='ocrx_word' id='word_1_156' title='bbox 992 1377 1028 1410; x_wconf 90' lang='lat' dir='ltr'>in</span> <span class='ocrx_word' id='word_1_157' title='bbox 1051 1378 1120 1411; x_wconf 92' lang='lat' dir='ltr'>hoc</span> <span class='ocrx_word' id='word_1_158' title='bbox 1135 1401 1149 1418; x_wconf 89' lang='lat'>‚‚</span> <span class='ocrx_word' id='word_1_159' title='bbox 1178 1378 1228 1410; x_wconf 87' lang='lat' dir='ltr'>ait</span> <span class='ocrx_word' id='word_1_160' title='bbox 1255 1379 1269 1395; x_wconf 80' lang='lat'>‘⁴</span> <span class='ocrx_word' id='word_1_161' title='bbox 1283 1387 1381 1421; x_wconf 87' lang='lat' dir='ltr'>agro,</span> 
     </span>
    </p>

    <p class='ocr_par' dir='ltr' id='par_1_13' title="bbox 432 1431 1471 1527">
     <span class='ocr_line' id='line_1_23' title="bbox 432 1431 1471 1475; baseline -0.002 -11"><span class='ocrx_word' id='word_1_162' title='bbox 432 1433 446 1450; x_wconf 75' lang='lat'>‘⁴</span> <span class='ocrx_word' id='word_1_163' title='bbox 460 1431 572 1464; x_wconf 90' lang='lat' dir='ltr'>Nocte</span> <span class='ocrx_word' id='word_1_164' title='bbox 596 1431 815 1475; x_wconf 81' lang='lat' dir='ltr'>quiescamus</span> <span class='ocrx_word' id='word_1_165' title='bbox 837 1431 1026 1469; x_wconf 88' lang='lat' dir='ltr'>modicum,</span> <span class='ocrx_word' id='word_1_166' title='bbox 1049 1436 1128 1474; x_wconf 88' lang='lat' dir='ltr'>post</span> <span class='ocrx_word' id='word_1_167' title='bbox 1151 1431 1238 1463; x_wconf 85' lang='lat' dir='ltr'>haec</span> <span class='ocrx_word' id='word_1_168' title='bbox 1261 1431 1471 1474; x_wconf 85' lang='lat' dir='ltr'>gradiamur.</span> 
     </span>
     <span class='ocr_line' id='line_1_24' title="bbox 435 1484 1293 1527; baseline -0.002 -9"><span class='ocrx_word' id='word_1_169' title='bbox 435 1487 450 1503; x_wconf 74' lang='lat'>⁴⁴</span> <span class='ocrx_word' id='word_1_170' title='bbox 464 1485 621 1518; x_wconf 88' lang='lat' dir='ltr'>Nuncius</span> <span class='ocrx_word' id='word_1_171' title='bbox 643 1491 682 1518; x_wconf 91' lang='lat' dir='ltr'>ut</span> <span class='ocrx_word' id='word_1_172' title='bbox 704 1485 821 1518; x_wconf 87' lang='lat' dir='ltr'>videat</span> <span class='ocrx_word' id='word_1_173' title='bbox 845 1485 890 1518; x_wconf 87' lang='lat' dir='ltr'>de</span> <span class='ocrx_word' id='word_1_174' title='bbox 914 1485 1040 1518; x_wconf 88' lang='lat' dir='ltr'>nostris</span> <span class='ocrx_word' id='word_1_175' title='bbox 1061 1484 1144 1517; x_wconf 89' lang='lat' dir='ltr'>ilico</span> <span class='ocrx_word' id='word_1_176' title='bbox 1168 1490 1293 1527; x_wconf 84' lang='lat' dir='ltr'>pergat</span> 
     </span>
    </p>

    <p class='ocr_par' dir='ltr' id='par_1_14' title="bbox 428 1537 1400 1689">
     <span class='ocr_line' id='line_1_25' title="bbox 436 1537 1354 1579; baseline -0.002 -8"><span class='ocrx_word' id='word_1_177' title='bbox 436 1540 451 1556; x_wconf 75' lang='lat'>‘⁴</span> <span class='ocrx_word' id='word_1_178' title='bbox 464 1537 625 1577; x_wconf 81' lang='lat' dir='ltr'>Qualiter</span> <span class='ocrx_word' id='word_1_179' title='bbox 650 1538 811 1572; x_wconf 86' lang='lat' dir='ltr'>Albertus</span> <span class='ocrx_word' id='word_1_180' title='bbox 833 1545 950 1571; x_wconf 86' lang='lat' dir='ltr'>manet</span> <span class='ocrx_word' id='word_1_181' title='bbox 973 1548 1014 1571; x_wconf 83' lang='lat' dir='ltr'>ac</span> <span class='ocrx_word' id='word_1_182' title='bbox 1039 1537 1212 1571; x_wconf 85' lang='lat' dir='ltr'>exercitus</span> <span class='ocrx_word' id='word_1_183' title='bbox 1235 1537 1309 1570; x_wconf 87' lang='lat' dir='ltr'>eius</span> <span class='ocrx_word' id='word_1_184' title='bbox 1325 1560 1354 1579; x_wconf 70' lang='lat'>„-</span> 
     </span>
     <span class='ocr_line' id='line_1_26' title="bbox 432 1591 1400 1636; baseline -0.003 -10"><span class='ocrx_word' id='word_1_185' title='bbox 432 1592 526 1636; x_wconf 90' lang='lat' dir='ltr'>Regi</span> <span class='ocrx_word' id='word_1_186' title='bbox 549 1599 677 1626; x_wconf 82' lang='lat' dir='ltr'>cuncta</span> <span class='ocrx_word' id='word_1_187' title='bbox 699 1592 811 1625; x_wconf 89' lang='lat' dir='ltr'>libent</span> <span class='ocrx_word' id='word_1_188' title='bbox 833 1603 921 1636; x_wconf 87' lang='lat' dir='ltr'>quae</span> <span class='ocrx_word' id='word_1_189' title='bbox 946 1591 1082 1625; x_wconf 85' lang='lat' dir='ltr'>dixerat</span> <span class='ocrx_word' id='word_1_190' title='bbox 1103 1591 1200 1631; x_wconf 85' lang='lat' dir='ltr'>Atto,</span> <span class='ocrx_word' id='word_1_191' title='bbox 1223 1591 1400 1634; x_wconf 77' lang='lat' dir='ltr'>facitque:</span> 
     </span>
     <span class='ocr_line' id='line_1_27' title="bbox 428 1645 1204 1689; baseline -0.001 -10"><span class='ocrx_word' id='word_1_192' title='bbox 428 1645 610 1689; x_wconf 87' lang='lat' dir='ltr'>Principio</span> <span class='ocrx_word' id='word_1_193' title='bbox 632 1646 720 1679; x_wconf 87' lang='lat' dir='ltr'>lucis</span> <span class='ocrx_word' id='word_1_194' title='bbox 742 1645 811 1678; x_wconf 72' lang='lat' dir='ltr'>fuit</span> <span class='ocrx_word' id='word_1_195' title='bbox 833 1645 869 1678; x_wconf 87' lang='lat' dir='ltr'>in</span> <span class='ocrx_word' id='word_1_196' title='bbox 892 1651 1036 1688; x_wconf 86' lang='lat' dir='ltr'>pratove</span> <span class='ocrx_word' id='word_1_197' title='bbox 1058 1645 1204 1688; x_wconf 82' lang='lat' dir='ltr'>paludis.</span> 
     </span>
    </p>

    <p class='ocr_par' dir='ltr' id='par_1_15' title="bbox 431 1698 1285 1741">
     <span class='ocr_line' id='line_1_28' title="bbox 431 1698 1285 1741; baseline -0.001 -9"><span class='ocrx_word' id='word_1_198' title='bbox 431 1700 559 1733; x_wconf 89' lang='lat' dir='ltr'>Missus</span> <span class='ocrx_word' id='word_1_199' title='bbox 580 1700 624 1732; x_wconf 91' lang='lat' dir='ltr'>ab</span> <span class='ocrx_word' id='word_1_200' title='bbox 647 1699 795 1733; x_wconf 90' lang='lat' dir='ltr'>Alberto</span> <span class='ocrx_word' id='word_1_201' title='bbox 818 1699 958 1732; x_wconf 88' lang='lat' dir='ltr'>rediens</span> <span class='ocrx_word' id='word_1_202' title='bbox 980 1698 1111 1732; x_wconf 91' lang='lat' dir='ltr'>Attone</span> <span class='ocrx_word' id='word_1_203' title='bbox 1134 1705 1285 1741; x_wconf 89' lang='lat' dir='ltr'>reperto,</span> 
     </span>
    </p>

    <p class='ocr_par' dir='ltr' id='par_1_16' title="bbox 430 1752 1324 1796">
     <span class='ocr_line' id='line_1_29' title="bbox 430 1752 1324 1796; baseline -0.002 -10"><span class='ocrx_word' id='word_1_204' title='bbox 430 1753 527 1787; x_wconf 83' lang='lat' dir='ltr'>Dixit</span> <span class='ocrx_word' id='word_1_205' title='bbox 550 1754 602 1786; x_wconf 90' lang='lat' dir='ltr'>ei:</span> <span class='ocrx_word' id='word_1_206' title='bbox 633 1755 647 1771; x_wconf 84' lang='lat'>“</span> <span class='ocrx_word' id='word_1_207' title='bbox 660 1754 764 1787; x_wconf 91' lang='lat' dir='ltr'>Certe</span> <span class='ocrx_word' id='word_1_208' title='bbox 785 1753 942 1796; x_wconf 84' lang='lat' dir='ltr'>pecudes</span> <span class='ocrx_word' id='word_1_209' title='bbox 965 1753 1000 1785; x_wconf 89' lang='lat' dir='ltr'>hi</span> <span class='ocrx_word' id='word_1_210' title='bbox 1023 1753 1053 1785; x_wconf 89' lang='lat' dir='ltr'>si</span> <span class='ocrx_word' id='word_1_211' title='bbox 1075 1752 1175 1785; x_wconf 84' lang='lat' dir='ltr'>simul</span> <span class='ocrx_word' id='word_1_212' title='bbox 1199 1758 1324 1791; x_wconf 87' lang='lat' dir='ltr'>essent,</span> 
     </span>
    </p>

    <p class='ocr_par' dir='ltr' id='par_1_17' title="bbox 436 1806 1390 1850">
     <span class='ocr_line' id='line_1_30' title="bbox 436 1806 1390 1850; baseline -0.002 -10"><span class='ocrx_word' id='word_1_213' title='bbox 436 1808 503 1840; x_wconf 83' lang='lat' dir='ltr'>“In</span> <span class='ocrx_word' id='word_1_214' title='bbox 525 1807 639 1840; x_wconf 86' lang='lat' dir='ltr'>subito</span> <span class='ocrx_word' id='word_1_215' title='bbox 661 1813 803 1850; x_wconf 82' lang='lat' dir='ltr'>possent</span> <span class='ocrx_word' id='word_1_216' title='bbox 825 1817 891 1850; x_wconf 90' lang='lat' dir='ltr'>per</span> <span class='ocrx_word' id='word_1_217' title='bbox 914 1817 973 1840; x_wconf 88' lang='lat' dir='ltr'>eos</span> <span class='ocrx_word' id='word_1_218' title='bbox 996 1806 1134 1839; x_wconf 89' lang='lat' dir='ltr'>comedi</span> <span class='ocrx_word' id='word_1_219' title='bbox 1156 1812 1239 1849; x_wconf 92' lang='lat' dir='ltr'>puto</span> <span class='ocrx_word' id='word_1_220' title='bbox 1263 1806 1390 1838; x_wconf 88' lang='lat' dir='ltr'>domne</span> 
     </span>
    </p>

    <p class='ocr_par' dir='ltr' id='par_1_18' title="bbox 432 1858 1367 1958">
     <span class='ocr_line' id='line_1_31' title="bbox 434 1858 1367 1900; baseline -0.001 -7"><span class='ocrx_word' id='word_1_221' title='bbox 434 1863 449 1879; x_wconf 82' lang='lat'>“</span> <span class='ocrx_word' id='word_1_222' title='bbox 462 1861 568 1894; x_wconf 85' lang='lat' dir='ltr'>Tanti</span> <span class='ocrx_word' id='word_1_223' title='bbox 590 1866 669 1893; x_wconf 89' lang='lat' dir='ltr'>sunt</span> <span class='ocrx_word' id='word_1_224' title='bbox 682 1883 713 1900; x_wconf 67' lang='grc' dir='ltr'>,μ</span> <span class='ocrx_word' id='word_1_225' title='bbox 759 1860 836 1892; x_wconf 85' lang='lat' dir='ltr'>Istis</span> <span class='ocrx_word' id='word_1_226' title='bbox 860 1859 956 1894; x_wconf 88' lang='lat' dir='ltr'>dicat</span> <span class='ocrx_word' id='word_1_227' title='bbox 977 1860 1073 1893; x_wconf 91' lang='lat' dir='ltr'>iubet</span> <span class='ocrx_word' id='word_1_228' title='bbox 1095 1859 1181 1893; x_wconf 89' lang='lat' dir='ltr'>Atto</span> <span class='ocrx_word' id='word_1_229' title='bbox 1205 1859 1272 1892; x_wconf 89' lang='lat' dir='ltr'>sibi</span> <span class='ocrx_word' id='word_1_230' title='bbox 1295 1858 1367 1892; x_wconf 90' lang='lat' dir='ltr'>nil.&#39;</span> 
     </span>
     <span class='ocr_line' id='line_1_32' title="bbox 432 1913 1276 1958; baseline -0.002 -12"><span class='ocrx_word' id='word_1_231' title='bbox 432 1913 516 1947; x_wconf 86' lang='lat' dir='ltr'>Atto</span> <span class='ocrx_word' id='word_1_232' title='bbox 539 1914 684 1958; x_wconf 86' lang='lat' dir='ltr'>loquens</span> <span class='ocrx_word' id='word_1_233' title='bbox 707 1913 795 1958; x_wconf 88' lang='lat' dir='ltr'>regi,</span> <span class='ocrx_word' id='word_1_234' title='bbox 819 1913 963 1946; x_wconf 87' lang='lat' dir='ltr'>mutavit</span> <span class='ocrx_word' id='word_1_235' title='bbox 985 1913 1093 1946; x_wconf 85' lang='lat' dir='ltr'>verba</span> <span class='ocrx_word' id='word_1_236' title='bbox 1115 1913 1276 1946; x_wconf 77' lang='lat' dir='ltr'>ferentis:</span> 
     </span>
    </p>

    <p class='ocr_par' dir='ltr' id='par_1_19' title="bbox 436 1966 1261 2007">
     <span class='ocr_line' id='line_1_33' title="bbox 436 1966 1261 2007; baseline 0 -8"><span class='ocrx_word' id='word_1_237' title='bbox 436 1969 450 1985; x_wconf 80' lang='lat'>‘⁴</span> <span class='ocrx_word' id='word_1_238' title='bbox 463 1967 495 2000; x_wconf 95' lang='grc' dir='ltr'>Ο</span> <span class='ocrx_word' id='word_1_239' title='bbox 517 1967 557 2006; x_wconf 91' lang='lat' dir='ltr'>si,</span> <span class='ocrx_word' id='word_1_240' title='bbox 579 1978 653 2006; x_wconf 61' lang='lat' dir='ltr'>teir,</span> <span class='ocrx_word' id='word_1_241' title='bbox 676 1972 792 2007; x_wconf 78' lang='lat' dir='ltr'>essent</span> <span class='ocrx_word' id='word_1_242' title='bbox 814 1966 947 1999; x_wconf 90' lang='lat' dir='ltr'>inimici</span> <span class='ocrx_word' id='word_1_243' title='bbox 970 1967 1062 1999; x_wconf 77' lang='lat' dir='ltr'>forte</span> <span class='ocrx_word' id='word_1_244' title='bbox 1086 1966 1261 2006; x_wconf 85' lang='lat' dir='ltr'>bidentes,</span> 
     </span>
    </p>

    <p class='ocr_par' dir='ltr' id='par_1_20' title="bbox 435 2020 1191 2063">
     <span class='ocr_line' id='line_1_34' title="bbox 435 2020 1191 2063; baseline -0.003 -9"><span class='ocrx_word' id='word_1_245' title='bbox 435 2021 450 2037; x_wconf 77' lang='lat'>‘⁴</span> <span class='ocrx_word' id='word_1_246' title='bbox 464 2020 582 2054; x_wconf 85' lang='lat' dir='ltr'>Assati</span> <span class='ocrx_word' id='word_1_247' title='bbox 605 2031 688 2053; x_wconf 89' lang='lat' dir='ltr'>sane</span> <span class='ocrx_word' id='word_1_248' title='bbox 711 2030 888 2063; x_wconf 86' lang='lat' dir='ltr'>possemus</span> <span class='ocrx_word' id='word_1_249' title='bbox 911 2021 1035 2053; x_wconf 88' lang='lat' dir='ltr'>rodere</span> <span class='ocrx_word' id='word_1_250' title='bbox 1059 2031 1191 2053; x_wconf 86' lang='lat' dir='ltr'>carnes.</span> 
     </span>
    </p>

    <p class='ocr_par' dir='ltr' id='par_1_21' title="bbox 435 2073 1338 2117">
     <span class='ocr_line' id='line_1_35' title="bbox 435 2073 1338 2117; baseline -0.002 -10"><span class='ocrx_word' id='word_1_251' title='bbox 435 2074 450 2091; x_wconf 84' lang='lat'>“</span> <span class='ocrx_word' id='word_1_252' title='bbox 465 2074 575 2107; x_wconf 88' lang='lat' dir='ltr'>Indue</span> <span class='ocrx_word' id='word_1_253' title='bbox 597 2073 754 2112; x_wconf 85' lang='lat' dir='ltr'>loricam,</span> <span class='ocrx_word' id='word_1_254' title='bbox 778 2073 884 2117; x_wconf 89' lang='lat' dir='ltr'>capiti</span> <span class='ocrx_word' id='word_1_255' title='bbox 908 2073 1044 2117; x_wconf 88' lang='lat' dir='ltr'>galeam</span> <span class='ocrx_word' id='word_1_256' title='bbox 1067 2083 1208 2117; x_wconf 90' lang='lat' dir='ltr'>qnoque</span> <span class='ocrx_word' id='word_1_257' title='bbox 1230 2074 1338 2112; x_wconf 86' lang='lat' dir='ltr'>firma,</span> 
     </span>
    </p>

    <p class='ocr_par' dir='ltr' id='par_1_22' title="bbox 437 2126 1395 2170">
     <span class='ocr_line' id='line_1_36' title="bbox 437 2126 1395 2170; baseline -0.001 -10"><span class='ocrx_word' id='word_1_258' title='bbox 437 2130 452 2146; x_wconf 89' lang='lat'>“</span> <span class='ocrx_word' id='word_1_259' title='bbox 465 2127 511 2160; x_wconf 87' lang='lat' dir='ltr'>Et</span> <span class='ocrx_word' id='word_1_260' title='bbox 533 2127 687 2170; x_wconf 86' lang='lat' dir='ltr'>clipeum</span> <span class='ocrx_word' id='word_1_261' title='bbox 710 2127 803 2160; x_wconf 88' lang='lat' dir='ltr'>iacta</span> <span class='ocrx_word' id='word_1_262' title='bbox 826 2126 928 2165; x_wconf 90' lang='lat' dir='ltr'>collo,</span> <span class='ocrx_word' id='word_1_263' title='bbox 952 2126 1110 2160; x_wconf 84' lang='lat' dir='ltr'>manibus</span> <span class='ocrx_word' id='word_1_264' title='bbox 1131 2127 1227 2160; x_wconf 77' lang='lat' dir='ltr'>refer</span> <span class='ocrx_word' id='word_1_265' title='bbox 1249 2127 1395 2166; x_wconf 82' lang='lat' dir='ltr'>hastam,</span> 
     </span>
    </p>

    <p class='ocr_par' dir='ltr' id='par_1_23' title="bbox 430 2180 1485 2278">
     <span class='ocr_line' id='line_1_37' title="bbox 436 2180 1485 2224; baseline 0 -10"><span class='ocrx_word' id='word_1_266' title='bbox 436 2183 450 2199; x_wconf 72' lang='lat'>⁸</span> <span class='ocrx_word' id='word_1_267' title='bbox 463 2181 560 2214; x_wconf 89' lang='lat' dir='ltr'>Irrue</span> <span class='ocrx_word' id='word_1_268' title='bbox 584 2181 770 2214; x_wconf 75' lang='lat' dir='ltr'>confestim</span> <span class='ocrx_word' id='word_1_269' title='bbox 792 2190 896 2224; x_wconf 86' lang='lat' dir='ltr'>super</span> <span class='ocrx_word' id='word_1_270' title='bbox 918 2180 1043 2223; x_wconf 84' lang='lat' dir='ltr'>ipsum,</span> <span class='ocrx_word' id='word_1_271' title='bbox 1067 2191 1159 2214; x_wconf 87' lang='lat' dir='ltr'>nunc</span> <span class='ocrx_word' id='word_1_272' title='bbox 1183 2187 1252 2215; x_wconf 87' lang='lat' dir='ltr'>stat</span> <span class='ocrx_word' id='word_1_273' title='bbox 1273 2181 1440 2214; x_wconf 90' lang='lat' dir='ltr'>inhermis</span> <span class='ocrx_word' id='word_1_274' title='bbox 1456 2205 1485 2221; x_wconf 86' lang='lat'>„.</span> 
     </span>
     <span class='ocr_line' id='line_1_38' title="bbox 430 2234 1484 2278; baseline 0 -11"><span class='ocrx_word' id='word_1_275' title='bbox 430 2234 641 2273; x_wconf 84' lang='lat' dir='ltr'>Thoracam,</span> <span class='ocrx_word' id='word_1_276' title='bbox 663 2245 828 2277; x_wconf 87' lang='lat' dir='ltr'>parmam,</span> <span class='ocrx_word' id='word_1_277' title='bbox 853 2234 1000 2278; x_wconf 84' lang='lat' dir='ltr'>galeam,</span> <span class='ocrx_word' id='word_1_278' title='bbox 1024 2245 1086 2267; x_wconf 88' lang='lat' dir='ltr'>rex</span> <span class='ocrx_word' id='word_1_279' title='bbox 1108 2234 1253 2277; x_wconf 88' lang='lat' dir='ltr'>sumpsit</span> <span class='ocrx_word' id='word_1_280' title='bbox 1276 2241 1311 2267; x_wconf 86' lang='lat' dir='ltr'>et</span> <span class='ocrx_word' id='word_1_281' title='bbox 1334 2235 1484 2273; x_wconf 86' lang='lat' dir='ltr'>hastam;</span> 
     </span>
    </p>
   </div>
   <div class='ocr_carea' id='block_1_4' title="bbox 332 538 382 564">
    <p class='ocr_par' dir='ltr' id='par_1_24' title="bbox 332 538 382 564">
     <span class='ocr_line' id='line_1_39' title="bbox 332 538 382 564; baseline 0 0"><span class='ocrx_word' id='word_1_282' title='bbox 332 538 382 564; x_wconf 84' lang='lat'>3¹5</span> 
     </span>
    </p>
   </div>
   <div class='ocr_carea' id='block_1_5' title="bbox 334 806 386 831">
    <p class='ocr_par' dir='ltr' id='par_1_25' title="bbox 334 806 386 831">
     <span class='ocr_line' id='line_1_40' title="bbox 334 806 386 831; baseline 0.019 -8"><span class='ocrx_word' id='word_1_283' title='bbox 334 806 386 831; x_wconf 80' lang='lat'>3²0</span> 
     </span>
    </p>
   </div>
   <div class='ocr_carea' id='block_1_6' title="bbox 1969 907 2055 928">
    <p class='ocr_par' dir='ltr' id='par_1_26' title="bbox 1969 907 2055 928">
     <span class='ocr_line' id='line_1_41' title="bbox 1969 907 2055 928; baseline -0.012 -5"><span class='ocrx_word' id='word_1_284' title='bbox 1969 908 1990 923; x_wconf 78' lang='lat' dir='ltr'>e.</span> <span class='ocrx_word' id='word_1_285' title='bbox 2005 907 2055 928; x_wconf 86' lang='lat' dir='ltr'>17r</span> 
     </span>
    </p>
   </div>
   <div class='ocr_carea' id='block_1_7' title="bbox 334 1071 385 1098">
    <p class='ocr_par' dir='ltr' id='par_1_27' title="bbox 334 1071 385 1098">
     <span class='ocr_line' id='line_1_42' title="bbox 334 1071 385 1098; baseline 0 0"><span class='ocrx_word' id='word_1_286' title='bbox 334 1071 385 1098; x_wconf 84' lang='lat'>325</span> 
     </span>
    </p>
   </div>
   <div class='ocr_carea' id='block_1_8' title="bbox 329 1340 382 1365">
    <p class='ocr_par' dir='ltr' id='par_1_28' title="bbox 329 1340 382 1365">
     <span class='ocr_line' id='line_1_43' title="bbox 329 1340 382 1365; baseline 0 0"><span class='ocrx_word' id='word_1_287' title='bbox 329 1340 382 1365; x_wconf 87' lang='lat'>330</span> 
     </span>
    </p>
   </div>
   <div class='ocr_carea' id='block_1_9' title="bbox 1935 1491 2066 1516">
    <p class='ocr_par' dir='ltr' id='par_1_29' title="bbox 1935 1491 2066 1516">
     <span class='ocr_line' id='line_1_44' title="bbox 1935 1491 2066 1516; baseline 0 -5"><span class='ocrx_word' id='word_1_288' title='bbox 1935 1491 2010 1515; x_wconf 62' lang='lat' dir='ltr'>Mun„</span> <span class='ocrx_word' id='word_1_289' title='bbox 2026 1496 2066 1516; x_wconf 78' lang='lat'>3⁴9</span> 
     </span>
    </p>
   </div>
   <div class='ocr_carea' id='block_1_10' title="bbox 333 1607 384 1634">
    <p class='ocr_par' dir='ltr' id='par_1_30' title="bbox 333 1607 384 1634">
     <span class='ocr_line' id='line_1_45' title="bbox 333 1607 384 1634; baseline 0 0"><span class='ocrx_word' id='word_1_290' title='bbox 333 1607 384 1634; x_wconf 79' lang='lat'>³35</span> 
     </span>
    </p>
   </div>
   <div class='ocr_carea' id='block_1_11' title="bbox 332 1876 2053 1945">
    <p class='ocr_par' dir='ltr' id='par_1_31' title="bbox 332 1876 2053 1945">
     <span class='ocr_line' id='line_1_46' title="bbox 332 1876 386 1901; baseline 0 0"><span class='ocrx_word' id='word_1_291' title='bbox 332 1876 386 1901; x_wconf 77' lang='lat'>3⁴0</span> 
     </span>
     <span class='ocr_line' id='line_1_47' title="bbox 1968 1925 2053 1945; baseline -0.012 -5"><span class='ocrx_word' id='word_1_292' title='bbox 1968 1925 1987 1940; x_wconf 90' lang='lat' dir='ltr'>c.</span> <span class='ocrx_word' id='word_1_293' title='bbox 2004 1925 2053 1945; x_wconf 71' lang='lat'>17¹¹</span> 
     </span>
    </p>
   </div>
   <div class='ocr_carea' id='block_1_12' title="bbox 334 2142 384 2168">
    <p class='ocr_par' dir='ltr' id='par_1_32' title="bbox 334 2142 384 2168">
     <span class='ocr_line' id='line_1_48' title="bbox 334 2142 384 2168; baseline 0 0"><span class='ocrx_word' id='word_1_294' title='bbox 334 2142 384 2168; x_wconf 84' lang='lat'>345</span> 
     </span>
    </p>
   </div>
   <div class='ocr_carea' id='block_1_13' title="bbox 0 0 78 2480">
    <p class='ocr_par' dir='ltr' id='par_1_33' title="bbox 0 0 78 2480">
     <span class='ocr_line' id='line_1_49' title="bbox 0 0 78 2480; baseline 0 0"><span class='ocrx_word' id='word_1_295' title='bbox 0 0 78 2480; x_wconf 95' lang='lat' dir='ltr'> </span> 
     </span>
    </p>
   </div>
   <div class='ocr_carea' id='block_1_14' title="bbox 35 2355 932 2467">
    <p class='ocr_par' dir='ltr' id='par_1_34' title="bbox 35 2355 932 2467">
     <span class='ocr_line' id='line_1_50' title="bbox 125 2355 930 2390; baseline -0.001 -8"><span class='ocrx_word' id='word_1_296' title='bbox 125 2366 151 2382; x_wconf 83' lang='lat' dir='ltr'>v.</span> <span class='ocrx_word' id='word_1_297' title='bbox 167 2363 219 2388; x_wconf 78' lang='lat'>317</span> <span class='ocrx_word' id='word_1_298' title='bbox 238 2366 252 2382; x_wconf 77' lang='lat' dir='ltr'>e</span> <span class='ocrx_word' id='word_1_299' title='bbox 270 2356 347 2390; x_wconf 72' lang='lat' dir='ltr'>sgg.)</span> <span class='ocrx_word' id='word_1_300' title='bbox 365 2356 494 2382; x_wconf 81' lang='lat' dir='ltr'>Ludolfo</span> <span class='ocrx_word' id='word_1_301' title='bbox 515 2364 606 2382; x_wconf 81' lang='lat' dir='ltr'>venne</span> <span class='ocrx_word' id='word_1_302' title='bbox 632 2358 660 2381; x_wconf 88' lang='lat' dir='ltr'>in</span> <span class='ocrx_word' id='word_1_303' title='bbox 686 2356 773 2382; x_wconf 81' lang='lat' dir='ltr'>Italia</span> <span class='ocrx_word' id='word_1_304' title='bbox 797 2357 844 2381; x_wconf 86' lang='lat' dir='ltr'>nel</span> <span class='ocrx_word' id='word_1_305' title='bbox 869 2355 930 2388; x_wconf 85' lang='grc'>956,</span> 
     </span>
     <span class='ocr_line' id='line_1_51' title="bbox 35 2396 932 2438; baseline -0.002 -13"><span class='ocrx_word' id='word_1_306' title='bbox 35 2399 118 2438; x_wconf 42' lang='lat' dir='ltr'>glane</span> <span class='ocrx_word' id='word_1_307' title='bbox 135 2400 307 2433; x_wconf 83' lang='lat' dir='ltr'>Berengario</span> <span class='ocrx_word' id='word_1_308' title='bbox 326 2407 340 2424; x_wconf 94' lang='lat' dir='ltr'>e</span> <span class='ocrx_word' id='word_1_309' title='bbox 360 2399 518 2424; x_wconf 82' lang='lat' dir='ltr'>Adalberto</span> <span class='ocrx_word' id='word_1_310' title='bbox 536 2400 568 2424; x_wconf 88' lang='lat' dir='ltr'>in</span> <span class='ocrx_word' id='word_1_311' title='bbox 587 2400 641 2424; x_wconf 85' lang='lat' dir='ltr'>due</span> <span class='ocrx_word' id='word_1_312' title='bbox 661 2400 768 2424; x_wconf 83' lang='lat' dir='ltr'>scontri</span> <span class='ocrx_word' id='word_1_313' title='bbox 788 2406 804 2423; x_wconf 90' lang='lat' dir='ltr'>e</span> <span class='ocrx_word' id='word_1_314' title='bbox 823 2396 932 2431; x_wconf 71' lang='lat' dir='ltr'>occupo</span> 
     </span>
     <span class='ocr_line' id='line_1_52' title="bbox 36 2440 932 2467; baseline -0.002 0"><span class='ocrx_word' id='word_1_315' title='bbox 36 2455 38 2457; x_wconf 61' lang='lat'>&gt;</span> <span class='ocrx_word' id='word_1_316' title='bbox 59 2442 139 2467; x_wconf 67' lang='lat' dir='ltr'>svin:</span> <span class='ocrx_word' id='word_1_317' title='bbox 158 2441 231 2467; x_wconf 72' lang='lat' dir='ltr'>morl</span> <span class='ocrx_word' id='word_1_318' title='bbox 251 2441 281 2466; x_wconf 86' lang='lat' dir='ltr'>di</span> <span class='ocrx_word' id='word_1_319' title='bbox 301 2442 396 2466; x_wconf 84' lang='lat' dir='ltr'>febbre</span> <span class='ocrx_word' id='word_1_320' title='bbox 415 2449 431 2466; x_wconf 83' lang='lat' dir='ltr'>a</span> <span class='ocrx_word' id='word_1_321' title='bbox 449 2441 570 2467; x_wconf 82' lang='lat' dir='ltr'>Pombia</span> <span class='ocrx_word' id='word_1_322' title='bbox 588 2441 634 2466; x_wconf 88' lang='lat' dir='ltr'>nel</span> <span class='ocrx_word' id='word_1_323' title='bbox 654 2442 801 2466; x_wconf 80' lang='lat' dir='ltr'>Novarese</span> <span class='ocrx_word' id='word_1_324' title='bbox 815 2441 837 2465; x_wconf 87' lang='lat' dir='ltr'>il</span> <span class='ocrx_word' id='word_1_325' title='bbox 850 2440 867 2465; x_wconf 89' lang='lat'>6</span> <span class='ocrx_word' id='word_1_326' title='bbox 880 2443 932 2466; x_wconf 87' lang='lat' dir='ltr'>set-</span> 
     </span>
    </p>
   </div>
   <div class='ocr_carea' id='block_1_15' title="bbox 986 2356 1882 2430">
    <p class='ocr_par' dir='ltr' id='par_1_35' title="bbox 986 2356 1882 2430">
     <span class='ocr_line' id='line_1_53' title="bbox 989 2356 1882 2392; baseline 0 -10"><span class='ocrx_word' id='word_1_327' title='bbox 989 2357 1002 2370; x_wconf 81' lang='lat'>¹‘</span> <span class='ocrx_word' id='word_1_328' title='bbox 1013 2358 1094 2387; x_wconf 86' lang='lat' dir='ltr'>Atto,</span> <span class='ocrx_word' id='word_1_329' title='bbox 1107 2358 1180 2382; x_wconf 76' lang='lat' dir='ltr'>duos</span> <span class='ocrx_word' id='word_1_330' title='bbox 1193 2358 1348 2383; x_wconf 82' lang='lat' dir='ltr'>comitatus</span> <span class='ocrx_word' id='word_1_331' title='bbox 1363 2359 1392 2382; x_wconf 89' lang='lat' dir='ltr'>in</span> <span class='ocrx_word' id='word_1_332' title='bbox 1408 2365 1465 2382; x_wconf 88' lang='lat' dir='ltr'>uno</span> <span class='ocrx_word' id='word_1_333' title='bbox 1480 2358 1595 2383; x_wconf 85' lang='lat' dir='ltr'>homine</span> <span class='ocrx_word' id='word_1_334' title='bbox 1608 2364 1668 2382; x_wconf 85' lang='lat' dir='ltr'>esse</span> <span class='ocrx_word' id='word_1_335' title='bbox 1678 2376 1691 2389; x_wconf 83' lang='lat'>‚,</span> <span class='ocrx_word' id='word_1_336' title='bbox 1706 2357 1756 2392; x_wconf 88' lang='lat' dir='ltr'>(cf.</span> <span class='ocrx_word' id='word_1_337' title='bbox 1769 2365 1795 2382; x_wconf 91' lang='lat' dir='ltr'>v.</span> <span class='ocrx_word' id='word_1_338' title='bbox 1808 2356 1882 2390; x_wconf 82' lang='lat'><strong>327).</strong></span> 
     </span>
     <span class='ocr_line' id='line_1_54' title="bbox 986 2400 1882 2430; baseline 0 -6"><span class='ocrx_word' id='word_1_339' title='bbox 986 2400 1011 2424; x_wconf 86' lang='lat'>11</span> <span class='ocrx_word' id='word_1_340' title='bbox 1030 2400 1071 2430; x_wconf 91' lang='grc' dir='ltr'>Ρ.,</span> <span class='ocrx_word' id='word_1_341' title='bbox 1090 2400 1251 2425; x_wconf 75' lang='lat' dir='ltr'>criticando</span> <span class='ocrx_word' id='word_1_342' title='bbox 1272 2400 1293 2424; x_wconf 92' lang='lat' dir='ltr'>il</span> <span class='ocrx_word' id='word_1_343' title='bbox 1312 2400 1480 2429; x_wconf 78' lang='lat' dir='ltr'>Bethmann.</span> <span class='ocrx_word' id='word_1_344' title='bbox 1498 2401 1581 2425; x_wconf 81' lang='lat' dir='ltr'>volea</span> <span class='ocrx_word' id='word_1_345' title='bbox 1595 2400 1639 2425; x_wconf 82' lang='lat' dir='ltr'>sar</span> <span class='ocrx_word' id='word_1_346' title='bbox 1651 2400 1713 2425; x_wconf 85' lang='lat' dir='ltr'>dire</span> <span class='ocrx_word' id='word_1_347' title='bbox 1728 2409 1743 2425; x_wconf 89' lang='lat' dir='ltr'>a</span> <span class='ocrx_word' id='word_1_348' title='bbox 1757 2400 1882 2425; x_wconf 79' lang='lat' dir='ltr'>Ludolso</span> 
     </span>
    </p>
   </div>
   <div class='ocr_carea' id='block_1_16' title="bbox 988 2442 1945 2476">
    <p class='ocr_par' dir='ltr' id='par_1_36' title="bbox 988 2442 1945 2476">
     <span class='ocr_line' id='line_1_55' title="bbox 988 2442 1945 2476; baseline -0.001 -9"><span class='ocrx_word' id='word_1_349' title='bbox 988 2443 1016 2467; x_wconf 89' lang='lat' dir='ltr'>la</span> <span class='ocrx_word' id='word_1_350' title='bbox 1036 2444 1121 2467; x_wconf 80' lang='lat' dir='ltr'>frase:</span> <span class='ocrx_word' id='word_1_351' title='bbox 1144 2442 1212 2467; x_wconf 75' lang='lat' dir='ltr'>“Tu</span> <span class='ocrx_word' id='word_1_352' title='bbox 1232 2443 1403 2468; x_wconf 73' lang='lat' dir='ltr'>conscilium</span> <span class='ocrx_word' id='word_1_353' title='bbox 1424 2451 1492 2475; x_wconf 86' lang='lat' dir='ltr'>cape</span> <span class='ocrx_word' id='word_1_354' title='bbox 1511 2444 1619 2475; x_wconf 80' lang='lat' dir='ltr'>primus</span> <span class='ocrx_word' id='word_1_355' title='bbox 1630 2461 1654 2475; x_wconf 72' lang='lat'>„-</span> <span class='ocrx_word' id='word_1_356' title='bbox 1691 2443 1739 2467; x_wconf 81' lang='lat' dir='ltr'>Ma</span> <span class='ocrx_word' id='word_1_357' title='bbox 1765 2443 1793 2467; x_wconf 82' lang='lat' dir='ltr'>la</span> <span class='ocrx_word' id='word_1_358' title='bbox 1812 2450 1881 2476; x_wconf 86' lang='lat' dir='ltr'>pun·</span> <span class='ocrx_word' id='word_1_359' title='bbox 1911 2448 1945 2466; x_wconf 83' lang='lat'>20</span> 
     </span>
    </p>
   </div>
   <div class='ocr_carea' id='block_1_17' title="bbox 37 2484 936 3065">
    <p class='ocr_par' dir='ltr' id='par_1_37' title="bbox 37 2478 935 2814">
     <span class='ocr_line' id='line_1_56' title="bbox 45 2484 933 2518; baseline -0.002 -8"><span class='ocrx_word' id='word_1_360' title='bbox 45 2498 66 2502; x_wconf 93' lang='lat'>·</span> <span class='ocrx_word' id='word_1_361' title='bbox 93 2485 142 2510; x_wconf 83' lang='lat' dir='ltr'>bre</span> <span class='ocrx_word' id='word_1_362' title='bbox 160 2490 212 2518; x_wconf 82' lang='lat'>957</span> <span class='ocrx_word' id='word_1_363' title='bbox 232 2493 246 2510; x_wconf 86' lang='lat' dir='ltr'>e</span> <span class='ocrx_word' id='word_1_364' title='bbox 271 2484 302 2509; x_wconf 80' lang='lat' dir='ltr'>fu</span> <span class='ocrx_word' id='word_1_365' title='bbox 328 2485 440 2517; x_wconf 85' lang='lat' dir='ltr'>sepolto</span> <span class='ocrx_word' id='word_1_366' title='bbox 465 2485 541 2510; x_wconf 87' lang='lat' dir='ltr'>nella</span> <span class='ocrx_word' id='word_1_367' title='bbox 567 2485 661 2510; x_wconf 79' lang='lat' dir='ltr'>chiesa</span> <span class='ocrx_word' id='word_1_368' title='bbox 686 2485 715 2509; x_wconf 92' lang='lat' dir='ltr'>di</span> <span class='ocrx_word' id='word_1_369' title='bbox 743 2485 933 2509; x_wconf 84' lang='lat' dir='ltr'>sant’Albano</span> 
     </span>
     <span class='ocr_line' id='line_1_57' title="bbox 47 2519 933 2561; baseline -0.001 -9.011"><span class='ocrx_word' id='word_1_370' title='bbox 47 2519 49 2522; x_wconf 41' lang='lat'><strong>⁴</strong></span> <span class='ocrx_word' id='word_1_371' title='bbox 83 2538 90 2547; x_wconf 62' lang='grc' dir='ltr'><em>ι</em></span> <span class='ocrx_word' id='word_1_372' title='bbox 110 2529 192 2561; x_wconf 82' lang='lat' dir='ltr'>porte</span> <span class='ocrx_word' id='word_1_373' title='bbox 211 2527 240 2552; x_wconf 89' lang='lat' dir='ltr'>di</span> <span class='ocrx_word' id='word_1_374' title='bbox 261 2527 412 2560; x_wconf 74' lang='lat' dir='ltr'>Mngonza.</span> <span class='ocrx_word' id='word_1_375' title='bbox 447 2527 504 2552; x_wconf 71' lang='lat' dir='ltr'>Dal</span> <span class='ocrx_word' id='word_1_376' title='bbox 523 2528 660 2552; x_wconf 78' lang='lat' dir='ltr'>raeconto</span> <span class='ocrx_word' id='word_1_377' title='bbox 680 2528 709 2551; x_wconf 90' lang='lat' dir='ltr'>di</span> <span class='ocrx_word' id='word_1_378' title='bbox 729 2527 764 2552; x_wconf 90' lang='lat' dir='ltr'>D.</span> <span class='ocrx_word' id='word_1_379' title='bbox 788 2526 803 2551; x_wconf 76' lang='grc' dir='ltr'>ὲ</span> <span class='ocrx_word' id='word_1_380' title='bbox 829 2527 933 2552; x_wconf 88' lang='lat' dir='ltr'>inutile</span> 
     </span>
     <span class='ocr_line' id='line_1_58' title="bbox 37 2567 933 2603; baseline -0.001 -8"><span class='ocrx_word' id='word_1_381' title='bbox 37 2567 116 2595; x_wconf 81' lang='lat' dir='ltr'>.&#39;·ler</span> <span class='ocrx_word' id='word_1_382' title='bbox 134 2577 234 2594; x_wconf 74' lang='lat' dir='ltr'>cavare</span> <span class='ocrx_word' id='word_1_383' title='bbox 254 2569 314 2594; x_wconf 77' lang='lat' dir='ltr'>dati</span> <span class='ocrx_word' id='word_1_384' title='bbox 336 2569 446 2601; x_wconf 80' lang='lat' dir='ltr'>storici,</span> <span class='ocrx_word' id='word_1_385' title='bbox 467 2569 529 2594; x_wconf 80' lang='lat' dir='ltr'>solo</span> <span class='ocrx_word' id='word_1_386' title='bbox 549 2571 571 2594; x_wconf 84' lang='lat' dir='ltr'>si</span> <span class='ocrx_word' id='word_1_387' title='bbox 591 2567 649 2603; x_wconf 71' lang='lat' dir='ltr'>pub</span> <span class='ocrx_word' id='word_1_388' title='bbox 663 2570 776 2594; x_wconf 85' lang='lat' dir='ltr'>credere</span> <span class='ocrx_word' id='word_1_389' title='bbox 790 2569 841 2594; x_wconf 88' lang='lat' dir='ltr'>che</span> <span class='ocrx_word' id='word_1_390' title='bbox 854 2570 933 2594; x_wconf 84' lang='lat' dir='ltr'>Azzo</span> 
     </span>
     <span class='ocr_line' id='line_1_59' title="bbox 49 2610 933 2644; baseline -0.001 -7.007"><span class='ocrx_word' id='word_1_391' title='bbox 49 2619 113 2637; x_wconf 58' lang='lat' dir='ltr'>mse</span> <span class='ocrx_word' id='word_1_392' title='bbox 130 2613 175 2637; x_wconf 73' lang='lat' dir='ltr'>tra</span> <span class='ocrx_word' id='word_1_393' title='bbox 193 2612 235 2644; x_wconf 85' lang='lat' dir='ltr'>gli</span> <span class='ocrx_word' id='word_1_394' title='bbox 255 2611 374 2637; x_wconf 79' lang='lat' dir='ltr'>Itslianl</span> <span class='ocrx_word' id='word_1_395' title='bbox 392 2611 497 2637; x_wconf 81' lang='lat' dir='ltr'>unitlsi</span> <span class='ocrx_word' id='word_1_396' title='bbox 517 2619 532 2636; x_wconf 86' lang='lat' dir='ltr'>a</span> <span class='ocrx_word' id='word_1_397' title='bbox 550 2610 687 2642; x_wconf 72' lang='lat' dir='ltr'>Ludoss’o,</span> <span class='ocrx_word' id='word_1_398' title='bbox 705 2610 812 2636; x_wconf 68' lang='lat' dir='ltr'>benche</span> <span class='ocrx_word' id='word_1_399' title='bbox 832 2611 854 2636; x_wconf 90' lang='lat' dir='ltr'>il</span> <span class='ocrx_word' id='word_1_400' title='bbox 874 2614 933 2637; x_wconf 85' lang='lat' dir='ltr'>tro-</span> 
     </span>
     <span class='ocr_line' id='line_1_60' title="bbox 48 2652 934 2687; baseline 0 -8"><span class='ocrx_word' id='word_1_401' title='bbox 48 2656 49 2659; x_wconf 78' lang='grc'>’</span> <span class='ocrx_word' id='word_1_402' title='bbox 95 2671 100 2673; x_wconf 98' lang='grc'>-</span> <span class='ocrx_word' id='word_1_403' title='bbox 122 2654 169 2679; x_wconf 82' lang='lat' dir='ltr'>nel</span> <span class='ocrx_word' id='word_1_404' title='bbox 187 2655 249 2679; x_wconf 88' lang='lat' dir='ltr'>doc.</span> <span class='ocrx_word' id='word_1_405' title='bbox 275 2655 324 2679; x_wconf 84' lang='lat' dir='ltr'>cit.</span> <span class='ocrx_word' id='word_1_406' title='bbox 349 2653 396 2679; x_wconf 80' lang='lat' dir='ltr'>del</span> <span class='ocrx_word' id='word_1_407' title='bbox 421 2652 475 2686; x_wconf 80' lang='lat'>958</span> <span class='ocrx_word' id='word_1_408' title='bbox 501 2654 668 2685; x_wconf 66' lang='lat' dir='ltr'>(BAccnmr,</span> <span class='ocrx_word' id='word_1_409' title='bbox 693 2657 734 2685; x_wconf 83' lang='lat' dir='ltr'>op.</span> <span class='ocrx_word' id='word_1_410' title='bbox 760 2654 815 2683; x_wconf 69' lang='lat' dir='ltr'>cit..</span> <span class='ocrx_word' id='word_1_411' title='bbox 840 2662 866 2686; x_wconf 87' lang='lat' dir='ltr'>p.</span> <span class='ocrx_word' id='word_1_412' title='bbox 887 2652 934 2687; x_wconf 84' lang='lat'>41)</span> 
     </span>
     <span class='ocr_line' id='line_1_61' title="bbox 50 2696 934 2733; baseline -0.001 -12"><span class='ocrx_word' id='word_1_413' title='bbox 50 2727 53 2733; x_wconf 30' lang='grc' dir='ltr'>ἱ</span> <span class='ocrx_word' id='word_1_414' title='bbox 97 2704 115 2722; x_wconf 87' lang='grc' dir='ltr'><strong>ο</strong></span> <span class='ocrx_word' id='word_1_415' title='bbox 133 2697 184 2721; x_wconf 87' lang='lat' dir='ltr'>che</span> <span class='ocrx_word' id='word_1_416' title='bbox 207 2703 339 2728; x_wconf 74' lang='lat' dir='ltr'>competa</span> <span class='ocrx_word' id='word_1_417' title='bbox 359 2704 373 2721; x_wconf 90' lang='lat' dir='ltr'>e</span> <span class='ocrx_word' id='word_1_418' title='bbox 399 2697 528 2728; x_wconf 85' lang='lat' dir='ltr'>permuta</span> <span class='ocrx_word' id='word_1_419' title='bbox 546 2697 628 2727; x_wconf 85' lang='lat' dir='ltr'>terre,</span> <span class='ocrx_word' id='word_1_420' title='bbox 653 2703 719 2728; x_wconf 84' lang='lat' dir='ltr'>pare</span> <span class='ocrx_word' id='word_1_421' title='bbox 744 2696 858 2721; x_wconf 79' lang='lat' dir='ltr'>escluda</span> <span class='ocrx_word' id='word_1_422' title='bbox 884 2696 934 2721; x_wconf 87' lang='lat' dir='ltr'>che</span> 
     </span>
     <span class='ocr_line' id='line_1_62' title="bbox 48 2735 935 2771; baseline 0 -8"><span class='ocrx_word' id='word_1_423' title='bbox 48 2735 61 2753; x_wconf 56' lang='lat'>¹,</span> <span class='ocrx_word' id='word_1_424' title='bbox 83 2739 96 2764; x_wconf 80' lang='lat'>1</span> <span class='ocrx_word' id='word_1_425' title='bbox 113 2738 188 2764; x_wconf 75' lang='lat' dir='ltr'>ronse</span> <span class='ocrx_word' id='word_1_426' title='bbox 208 2739 403 2771; x_wconf 72' lang='lat' dir='ltr'>perseguitato</span> <span class='ocrx_word' id='word_1_427' title='bbox 423 2738 470 2763; x_wconf 78' lang='lat' dir='ltr'>dal</span> <span class='ocrx_word' id='word_1_428' title='bbox 484 2746 513 2762; x_wconf 87' lang='lat' dir='ltr'>re</span> <span class='ocrx_word' id='word_1_429' title='bbox 525 2738 697 2771; x_wconf 76' lang='lat' dir='ltr'>Berengarlo</span> <span class='ocrx_word' id='word_1_430' title='bbox 711 2738 788 2770; x_wconf 88' lang='lat' dir='ltr'>dopo</span> <span class='ocrx_word' id='word_1_431' title='bbox 802 2738 830 2763; x_wconf 87' lang='lat' dir='ltr'>la</span> <span class='ocrx_word' id='word_1_432' title='bbox 844 2740 935 2763; x_wconf 83' lang='lat' dir='ltr'>morte</span> 
     </span>
     <span class='ocr_line' id='line_1_63' title="bbox 46 2780 226 2814; baseline 0 -8"><span class='ocrx_word' id='word_1_433' title='bbox 46 2780 69 2814; x_wconf 39' lang='grc' dir='ltr'>,ι</span> <span class='ocrx_word' id='word_1_434' title='bbox 87 2781 226 2806; x_wconf 80' lang='lat' dir='ltr'>Ludolfo.</span> 
     </span>
    </p>

    <p class='ocr_par' dir='ltr' id='par_1_38' title="bbox 38 2820 936 3065">
     <span class='ocr_line' id='line_1_64' title="bbox 47 2820 934 2855; baseline -0.001 -7"><span class='ocrx_word' id='word_1_435' title='bbox 47 2827 49 2829; x_wconf 87' lang='grc'><strong>’</strong></span> <span class='ocrx_word' id='word_1_436' title='bbox 126 2831 172 2848; x_wconf 84' lang='lat' dir='ltr'>vv.</span> <span class='ocrx_word' id='word_1_437' title='bbox 188 2831 224 2855; x_wconf 80' lang='lat'>3²</span> <span class='ocrx_word' id='word_1_438' title='bbox 226 2822 303 2855; x_wconf 79' lang='lat'><em>5-31)</em></span> <span class='ocrx_word' id='word_1_439' title='bbox 320 2823 346 2848; x_wconf 92' lang='lat' dir='ltr'>Il</span> <span class='ocrx_word' id='word_1_440' title='bbox 365 2823 556 2855; x_wconf 86' lang='lat' dir='ltr'>Pannenborg</span> <span class='ocrx_word' id='word_1_441' title='bbox 573 2821 628 2855; x_wconf 77' lang='lat' dir='ltr'>(op.</span> <span class='ocrx_word' id='word_1_442' title='bbox 647 2823 701 2852; x_wconf 74' lang='lat' dir='ltr'>cit..</span> <span class='ocrx_word' id='word_1_443' title='bbox 721 2830 747 2855; x_wconf 88' lang='lat' dir='ltr'>p.</span> <span class='ocrx_word' id='word_1_444' title='bbox 768 2820 795 2855; x_wconf 68' lang='lat'>3)</span> <span class='ocrx_word' id='word_1_445' title='bbox 813 2823 850 2847; x_wconf 82' lang='lat' dir='ltr'>ha</span> <span class='ocrx_word' id='word_1_446' title='bbox 872 2829 934 2847; x_wconf 88' lang='lat' dir='ltr'>eor-</span> 
     </span>
     <span class='ocr_line' id='line_1_65' title="bbox 44 2864 934 2902; baseline -0.001 -12"><span class='ocrx_word' id='word_1_447' title='bbox 44 2868 62 2902; x_wconf 64' lang='lat'>‘3</span> <span class='ocrx_word' id='word_1_448' title='bbox 97 2872 114 2890; x_wconf 94' lang='grc' dir='ltr'><strong>ο</strong></span> <span class='ocrx_word' id='word_1_449' title='bbox 133 2866 162 2890; x_wconf 83' lang='lat' dir='ltr'>la</span> <span class='ocrx_word' id='word_1_450' title='bbox 181 2866 403 2899; x_wconf 80' lang='lat' dir='ltr'>punteggiatura</span> <span class='ocrx_word' id='word_1_451' title='bbox 423 2873 472 2898; x_wconf 83' lang='lat' dir='ltr'>per</span> <span class='ocrx_word' id='word_1_452' title='bbox 491 2865 608 2890; x_wconf 82' lang='lat' dir='ltr'>rendere</span> <span class='ocrx_word' id='word_1_453' title='bbox 626 2864 815 2897; x_wconf 86' lang='lat' dir='ltr'>intelliglblle</span> <span class='ocrx_word' id='word_1_454' title='bbox 833 2867 934 2897; x_wconf 85' lang='lat' dir='ltr'>questo</span> 
     </span>
     <span class='ocr_line' id='line_1_66' title="bbox 104 2906 935 2941; baseline -0.001 -9"><span class='ocrx_word' id='word_1_455' title='bbox 104 2914 122 2932; x_wconf 94' lang='grc' dir='ltr'><strong>ο</strong></span> <span class='ocrx_word' id='word_1_456' title='bbox 136 2907 194 2938; x_wconf 87' lang='lat' dir='ltr'>che,</span> <span class='ocrx_word' id='word_1_457' title='bbox 207 2915 261 2932; x_wconf 84' lang='lat' dir='ltr'>con</span> <span class='ocrx_word' id='word_1_458' title='bbox 276 2909 285 2932; x_wconf 84' lang='lat' dir='ltr'>i</span> <span class='ocrx_word' id='word_1_459' title='bbox 299 2908 364 2933; x_wconf 84' lang='lat' dir='ltr'>suoi</span> <span class='ocrx_word' id='word_1_460' title='bbox 375 2907 475 2941; x_wconf 86' lang='lat' dir='ltr'>giochi</span> <span class='ocrx_word' id='word_1_461' title='bbox 489 2907 519 2932; x_wconf 88' lang='lat' dir='ltr'>di</span> <span class='ocrx_word' id='word_1_462' title='bbox 533 2907 631 2940; x_wconf 82' lang='lat' dir='ltr'>parole</span> <span class='ocrx_word' id='word_1_463' title='bbox 645 2907 793 2932; x_wconf 77' lang='lat' dir='ltr'>attribultl</span> <span class='ocrx_word' id='word_1_464' title='bbox 808 2908 841 2932; x_wconf 82' lang='lat' dir='ltr'>ad</span> <span class='ocrx_word' id='word_1_465' title='bbox 855 2906 935 2932; x_wconf 84' lang='lat' dir='ltr'>Azzo</span> 
     </span>
     <span class='ocr_line' id='line_1_67' title="bbox 48 2949 936 2983; baseline -0.002 -8"><span class='ocrx_word' id='word_1_466' title='bbox 48 2956 141 2975; x_wconf 61' lang='grc' dir='ltr'>πονε</span> <span class='ocrx_word' id='word_1_467' title='bbox 166 2950 259 2975; x_wconf 80' lang='lat' dir='ltr'>sicura</span> <span class='ocrx_word' id='word_1_468' title='bbox 281 2952 380 2982; x_wconf 81' lang='lat' dir='ltr'>questa</span> <span class='ocrx_word' id='word_1_469' title='bbox 402 2949 478 2974; x_wconf 87' lang='lat' dir='ltr'>della</span> <span class='ocrx_word' id='word_1_470' title='bbox 503 2949 616 2982; x_wconf 85' lang='lat' dir='ltr'>origine</span> <span class='ocrx_word' id='word_1_471' title='bbox 640 2949 779 2983; x_wconf 79' lang='lat' dir='ltr'>populare</span> <span class='ocrx_word' id='word_1_472' title='bbox 804 2949 850 2973; x_wconf 92' lang='lat' dir='ltr'>del</span> <span class='ocrx_word' id='word_1_473' title='bbox 877 2956 936 2973; x_wconf 84' lang='lat' dir='ltr'>rae-</span> 
     </span>
     <span class='ocr_line' id='line_1_68' title="bbox 54 2989 936 3025; baseline -0.001 -9.008"><span class='ocrx_word' id='word_1_474' title='bbox 54 2989 138 3025; x_wconf 80' lang='lat' dir='ltr'>nto)</span> <span class='ocrx_word' id='word_1_475' title='bbox 154 2990 170 3018; x_wconf 67' lang='grc' dir='ltr'><strong>ὲ</strong></span> <span class='ocrx_word' id='word_1_476' title='bbox 182 2993 258 3017; x_wconf 78' lang='lat' dir='ltr'>stato</span> <span class='ocrx_word' id='word_1_477' title='bbox 277 2993 510 3025; x_wconf 76' lang='lat' dir='ltr'>completamente</span> <span class='ocrx_word' id='word_1_478' title='bbox 529 2991 671 3024; x_wconf 73' lang='lat' dir='ltr'>stoi-piato</span> <span class='ocrx_word' id='word_1_479' title='bbox 691 2991 768 3016; x_wconf 86' lang='lat' dir='ltr'>dalle</span> <span class='ocrx_word' id='word_1_480' title='bbox 788 2991 936 3023; x_wconf 73' lang='lat' dir='ltr'>Epitomiz</span> 
     </span>
     <span class='ocr_line' id='line_1_69' title="bbox 38 3033 934 3065; baseline -0.001 -6"><span class='ocrx_word' id='word_1_481' title='bbox 38 3037 51 3063; x_wconf 75' lang='grc' dir='ltr'>ῐζ</span> <span class='ocrx_word' id='word_1_482' title='bbox 85 3034 240 3060; x_wconf 78' lang='lat' dir='ltr'>Polironese</span> <span class='ocrx_word' id='word_1_483' title='bbox 254 3034 289 3059; x_wconf 76' lang='lat' dir='ltr'>ad</span> <span class='ocrx_word' id='word_1_484' title='bbox 302 3042 340 3060; x_wconf 81' lang='lat' dir='ltr'>es.</span> <span class='ocrx_word' id='word_1_485' title='bbox 354 3035 382 3059; x_wconf 81' lang='lat' dir='ltr'>sa</span> <span class='ocrx_word' id='word_1_486' title='bbox 394 3035 455 3059; x_wconf 89' lang='lat' dir='ltr'>dire</span> <span class='ocrx_word' id='word_1_487' title='bbox 469 3034 504 3059; x_wconf 89' lang='lat' dir='ltr'>ad</span> <span class='ocrx_word' id='word_1_488' title='bbox 518 3033 615 3058; x_wconf 82' lang='lat' dir='ltr'>Azzo:</span> <span class='ocrx_word' id='word_1_489' title='bbox 630 3033 643 3047; x_wconf 83' lang='lat'>“</span> <span class='ocrx_word' id='word_1_490' title='bbox 656 3033 723 3058; x_wconf 82' lang='lat' dir='ltr'>Non</span> <span class='ocrx_word' id='word_1_491' title='bbox 738 3033 825 3064; x_wconf 85' lang='lat' dir='ltr'>decet,</span> <span class='ocrx_word' id='word_1_492' title='bbox 840 3034 934 3065; x_wconf 81' lang='lat' dir='ltr'>inquit</span> 
     </span>
    </p>
   </div>
   <div class='ocr_carea' id='block_1_18' title="bbox 0 2480 74 3476">
    <p class='ocr_par' dir='ltr' id='par_1_39' title="bbox 0 2480 74 3476">
     <span class='ocr_line' id='line_1_70' title="bbox 0 2480 74 2593; baseline 0 0"><span class='ocrx_word' id='word_1_493' title='bbox 0 2480 74 2593; x_wconf 95' lang='lat' dir='ltr'>  </span> 
     </span>
     <span class='ocr_line' id='line_1_71' title="bbox 0 2593 74 2819; baseline 0 0"><span class='ocrx_word' id='word_1_494' title='bbox 0 2593 74 2819; x_wconf 95' lang='lat' dir='ltr'>    </span> 
     </span>
     <span class='ocr_line' id='line_1_72' title="bbox 0 2819 74 3000; baseline 0 0"><span class='ocrx_word' id='word_1_495' title='bbox 0 2819 74 3000; x_wconf 95' lang='lat' dir='ltr'>  </span> 
     </span>
     <span class='ocr_line' id='line_1_73' title="bbox 0 3000 74 3476; baseline 0 -395"><span class='ocrx_word' id='word_1_496' title='bbox 0 3000 74 3476; x_wconf 95' lang='lat' dir='ltr'>   </span> 
     </span>
    </p>
   </div>
   <div class='ocr_carea' id='block_1_19' title="bbox 171 3149 445 3182">
    <p class='ocr_par' dir='ltr' id='par_1_40' title="bbox 171 3149 445 3182">
     <span class='ocr_line' id='line_1_74' title="bbox 171 3149 445 3182; baseline 0.004 -8"><span class='ocrx_word' id='word_1_497' title='bbox 171 3149 203 3175; x_wconf 91' lang='lat' dir='ltr'>T.</span> <span class='ocrx_word' id='word_1_498' title='bbox 224 3149 257 3181; x_wconf 88' lang='lat' dir='ltr'>V,</span> <span class='ocrx_word' id='word_1_499' title='bbox 276 3157 303 3182; x_wconf 89' lang='lat' dir='ltr'>p.</span> <span class='ocrx_word' id='word_1_500' title='bbox 323 3156 348 3175; x_wconf 92' lang='lat'>11</span> <span class='ocrx_word' id='word_1_501' title='bbox 366 3163 401 3168; x_wconf 90' lang='lat'>—-</span> <span class='ocrx_word' id='word_1_502' title='bbox 421 3156 445 3176; x_wconf 79' lang='lat'>2.</span> 
     </span>
    </p>
   </div>
   <div class='ocr_carea' id='block_1_20' title="bbox 987 2485 1884 3067">
    <p class='ocr_par' dir='ltr' id='par_1_41' title="bbox 987 2485 1883 2602">
     <span class='ocr_line' id='line_1_75' title="bbox 988 2485 1883 2518; baseline 0 -8"><span class='ocrx_word' id='word_1_503' title='bbox 988 2487 1150 2518; x_wconf 76' lang='lat' dir='ltr'>teggiatura</span> <span class='ocrx_word' id='word_1_504' title='bbox 1169 2485 1214 2510; x_wconf 87' lang='lat' dir='ltr'>del</span> <span class='ocrx_word' id='word_1_505' title='bbox 1234 2486 1295 2510; x_wconf 90' lang='lat' dir='ltr'>cod.</span> <span class='ocrx_word' id='word_1_506' title='bbox 1317 2485 1342 2510; x_wconf 89' lang='lat' dir='ltr'><em>V</em></span> <span class='ocrx_word' id='word_1_507' title='bbox 1354 2485 1383 2510; x_wconf 87' lang='lat' dir='ltr'>lo</span> <span class='ocrx_word' id='word_1_508' title='bbox 1398 2485 1510 2510; x_wconf 88' lang='lat' dir='ltr'>esclude</span> <span class='ocrx_word' id='word_1_509' title='bbox 1523 2486 1689 2510; x_wconf 72' lang='lat' dir='ltr'>musti-ando</span> <span class='ocrx_word' id='word_1_510' title='bbox 1703 2486 1752 2510; x_wconf 89' lang='lat' dir='ltr'>che</span> <span class='ocrx_word' id='word_1_511' title='bbox 1767 2485 1795 2510; x_wconf 86' lang='lat' dir='ltr'>la</span> <span class='ocrx_word' id='word_1_512' title='bbox 1808 2485 1883 2510; x_wconf 80' lang='lat' dir='ltr'>frase</span> 
     </span>
     <span class='ocr_line' id='line_1_76' title="bbox 988 2526 1882 2561; baseline 0 -9"><span class='ocrx_word' id='word_1_513' title='bbox 988 2535 1034 2552; x_wconf 85' lang='lat' dir='ltr'>era</span> <span class='ocrx_word' id='word_1_514' title='bbox 1053 2528 1083 2552; x_wconf 85' lang='lat' dir='ltr'>di</span> <span class='ocrx_word' id='word_1_515' title='bbox 1103 2526 1197 2556; x_wconf 85' lang='lat' dir='ltr'>Azzo;</span> <span class='ocrx_word' id='word_1_516' title='bbox 1218 2527 1245 2552; x_wconf 79' lang='lat' dir='ltr'>al</span> <span class='ocrx_word' id='word_1_517' title='bbox 1266 2535 1292 2552; x_wconf 81' lang='lat' dir='ltr'>v.</span> <span class='ocrx_word' id='word_1_518' title='bbox 1310 2534 1360 2559; x_wconf 80' lang='lat'>321</span> <span class='ocrx_word' id='word_1_519' title='bbox 1382 2535 1396 2552; x_wconf 95' lang='lat' dir='ltr'>e</span> <span class='ocrx_word' id='word_1_520' title='bbox 1416 2526 1468 2560; x_wconf 86' lang='lat'>336</span> <span class='ocrx_word' id='word_1_521' title='bbox 1486 2528 1524 2552; x_wconf 89' lang='lat' dir='ltr'>ho</span> <span class='ocrx_word' id='word_1_522' title='bbox 1545 2528 1708 2553; x_wconf 81' lang='lat' dir='ltr'>modificato</span> <span class='ocrx_word' id='word_1_523' title='bbox 1723 2528 1750 2552; x_wconf 88' lang='lat' dir='ltr'>la</span> <span class='ocrx_word' id='word_1_524' title='bbox 1763 2529 1882 2561; x_wconf 87' lang='lat' dir='ltr'>punteg-</span> 
     </span>
     <span class='ocr_line' id='line_1_77' title="bbox 987 2570 1266 2602; baseline 0 -8"><span class='ocrx_word' id='word_1_525' title='bbox 987 2571 1102 2602; x_wconf 84' lang='lat' dir='ltr'>giatura</span> <span class='ocrx_word' id='word_1_526' title='bbox 1121 2570 1166 2594; x_wconf 87' lang='lat' dir='ltr'>del</span> <span class='ocrx_word' id='word_1_527' title='bbox 1185 2570 1266 2595; x_wconf 85' lang='lat' dir='ltr'>Beth.</span> 
     </span>
    </p>

    <p class='ocr_par' dir='ltr' id='par_1_42' title="bbox 987 2612 1884 3067">
     <span class='ocr_line' id='line_1_78' title="bbox 1077 2612 1883 2646; baseline 0 -9"><span class='ocrx_word' id='word_1_528' title='bbox 1077 2621 1102 2637; x_wconf 85' lang='lat' dir='ltr'>v.</span> <span class='ocrx_word' id='word_1_529' title='bbox 1119 2614 1170 2644; x_wconf 75' lang='lat'>338</span> <span class='ocrx_word' id='word_1_530' title='bbox 1190 2621 1204 2636; x_wconf 81' lang='lat' dir='ltr'>e</span> <span class='ocrx_word' id='word_1_531' title='bbox 1221 2612 1297 2645; x_wconf 74' lang='lat' dir='ltr'>sgg.)</span> <span class='ocrx_word' id='word_1_532' title='bbox 1316 2612 1340 2638; x_wconf 89' lang='lat'>11</span> <span class='ocrx_word' id='word_1_533' title='bbox 1359 2613 1445 2646; x_wconf 86' lang='lat' dir='ltr'>gioco</span> <span class='ocrx_word' id='word_1_534' title='bbox 1469 2613 1498 2637; x_wconf 89' lang='lat' dir='ltr'>di</span> <span class='ocrx_word' id='word_1_535' title='bbox 1526 2613 1622 2645; x_wconf 83' lang='lat' dir='ltr'>parole</span> <span class='ocrx_word' id='word_1_536' title='bbox 1648 2614 1691 2637; x_wconf 81' lang='lat' dir='ltr'>sta</span> <span class='ocrx_word' id='word_1_537' title='bbox 1717 2612 1763 2637; x_wconf 88' lang='lat' dir='ltr'>nel</span> <span class='ocrx_word' id='word_1_538' title='bbox 1782 2613 1811 2636; x_wconf 82' lang='lat' dir='ltr'>hi</span> <span class='ocrx_word' id='word_1_539' title='bbox 1834 2612 1883 2637; x_wconf 85' lang='lat' dir='ltr'>che</span> 
     </span>
     <span class='ocr_line' id='line_1_79' title="bbox 989 2654 1883 2687; baseline -0.001 -8"><span class='ocrx_word' id='word_1_540' title='bbox 989 2662 1059 2680; x_wconf 86' lang='lat' dir='ltr'>sono</span> <span class='ocrx_word' id='word_1_541' title='bbox 1079 2656 1088 2679; x_wconf 86' lang='lat' dir='ltr'>i</span> <span class='ocrx_word' id='word_1_542' title='bbox 1108 2655 1262 2687; x_wconf 80' lang='lat' dir='ltr'>compagni</span> <span class='ocrx_word' id='word_1_543' title='bbox 1280 2654 1309 2679; x_wconf 89' lang='lat' dir='ltr'>di</span> <span class='ocrx_word' id='word_1_544' title='bbox 1329 2655 1456 2679; x_wconf 84' lang='lat' dir='ltr'>Ludolfo</span> <span class='ocrx_word' id='word_1_545' title='bbox 1469 2662 1484 2679; x_wconf 95' lang='lat' dir='ltr'>e</span> <span class='ocrx_word' id='word_1_546' title='bbox 1502 2663 1545 2679; x_wconf 80' lang='lat' dir='ltr'>eos</span> <span class='ocrx_word' id='word_1_547' title='bbox 1558 2655 1608 2679; x_wconf 89' lang='lat' dir='ltr'>che</span> <span class='ocrx_word' id='word_1_548' title='bbox 1621 2662 1673 2679; x_wconf 84' lang='lat' dir='ltr'>son</span> <span class='ocrx_word' id='word_1_549' title='bbox 1687 2654 1774 2686; x_wconf 87' lang='lat' dir='ltr'>quelli</span> <span class='ocrx_word' id='word_1_550' title='bbox 1789 2655 1819 2679; x_wconf 86' lang='lat' dir='ltr'>dl</span> <span class='ocrx_word' id='word_1_551' title='bbox 1832 2654 1883 2678; x_wconf 91' lang='lat' dir='ltr'>Al-</span> 
     </span>
     <span class='ocr_line' id='line_1_80' title="bbox 987 2696 1883 2722; baseline -0.001 -1"><span class='ocrx_word' id='word_1_552' title='bbox 987 2697 1077 2722; x_wconf 70' lang='lat' dir='ltr'>berto,</span> <span class='ocrx_word' id='word_1_553' title='bbox 1114 2696 1138 2720; x_wconf 89' lang='lat' dir='ltr'>Il</span> <span class='ocrx_word' id='word_1_554' title='bbox 1158 2697 1265 2721; x_wconf 85' lang='lat' dir='ltr'>nuncio</span> <span class='ocrx_word' id='word_1_555' title='bbox 1285 2697 1348 2721; x_wconf 79' lang='lat' dir='ltr'>dice</span> <span class='ocrx_word' id='word_1_556' title='bbox 1367 2697 1418 2721; x_wconf 87' lang='lat' dir='ltr'>che</span> <span class='ocrx_word' id='word_1_557' title='bbox 1444 2698 1452 2721; x_wconf 90' lang='lat' dir='ltr'>i</span> <span class='ocrx_word' id='word_1_558' title='bbox 1479 2697 1585 2721; x_wconf 86' lang='lat' dir='ltr'>soldati</span> <span class='ocrx_word' id='word_1_559' title='bbox 1611 2697 1640 2721; x_wconf 83' lang='lat' dir='ltr'>di</span> <span class='ocrx_word' id='word_1_560' title='bbox 1665 2696 1786 2721; x_wconf 84' lang='lat' dir='ltr'>Alberto</span> <span class='ocrx_word' id='word_1_561' title='bbox 1810 2704 1883 2721; x_wconf 84' lang='lat' dir='ltr'>sono</span> 
     </span>
     <span class='ocr_line' id='line_1_81' title="bbox 988 2738 1883 2770; baseline -0.001 -7"><span class='ocrx_word' id='word_1_562' title='bbox 988 2739 1065 2763; x_wconf 74' lang='lat' dir='ltr'>tanti</span> <span class='ocrx_word' id='word_1_563' title='bbox 1084 2738 1134 2762; x_wconf 87' lang='lat' dir='ltr'>che</span> <span class='ocrx_word' id='word_1_564' title='bbox 1152 2738 1321 2770; x_wconf 84' lang='lat' dir='ltr'>potrebbero</span> <span class='ocrx_word' id='word_1_565' title='bbox 1341 2739 1487 2770; x_wconf 83' lang='lat' dir='ltr'>mangiare</span> <span class='ocrx_word' id='word_1_566' title='bbox 1506 2739 1516 2762; x_wconf 86' lang='lat' dir='ltr'>i</span> <span class='ocrx_word' id='word_1_567' title='bbox 1536 2739 1644 2770; x_wconf 80' lang='lat' dir='ltr'>soldatl</span> <span class='ocrx_word' id='word_1_568' title='bbox 1663 2738 1692 2762; x_wconf 88' lang='lat' dir='ltr'>di</span> <span class='ocrx_word' id='word_1_569' title='bbox 1712 2738 1838 2763; x_wconf 86' lang='lat' dir='ltr'>Ludolfo</span> <span class='ocrx_word' id='word_1_570' title='bbox 1854 2746 1883 2762; x_wconf 85' lang='lat' dir='ltr'>se</span> 
     </span>
     <span class='ocr_line' id='line_1_82' title="bbox 988 2780 1882 2813; baseline 0.001 -8"><span class='ocrx_word' id='word_1_571' title='bbox 988 2782 1079 2813; x_wconf 90' lang='lat' dir='ltr'>questi</span> <span class='ocrx_word' id='word_1_572' title='bbox 1102 2781 1210 2805; x_wconf 81' lang='lat' dir='ltr'>fossero</span> <span class='ocrx_word' id='word_1_573' title='bbox 1229 2788 1339 2813; x_wconf 87' lang='lat' dir='ltr'>pecore.</span> <span class='ocrx_word' id='word_1_574' title='bbox 1365 2781 1445 2805; x_wconf 90' lang='lat' dir='ltr'>Azzo</span> <span class='ocrx_word' id='word_1_575' title='bbox 1459 2781 1588 2806; x_wconf 83' lang='lat' dir='ltr'>riferisce</span> <span class='ocrx_word' id='word_1_576' title='bbox 1601 2781 1699 2806; x_wconf 87' lang='lat' dir='ltr'>invece</span> <span class='ocrx_word' id='word_1_577' title='bbox 1713 2788 1729 2806; x_wconf 88' lang='lat' dir='ltr'>a</span> <span class='ocrx_word' id='word_1_578' title='bbox 1741 2780 1882 2806; x_wconf 79' lang='lat' dir='ltr'>Ludolso:</span> 
     </span>
     <span class='ocr_line' id='line_1_83' title="bbox 989 2822 1884 2855; baseline 0 -8"><span class='ocrx_word' id='word_1_579' title='bbox 989 2822 1024 2847; x_wconf 91' lang='lat' dir='ltr'>Se</span> <span class='ocrx_word' id='word_1_580' title='bbox 1044 2824 1052 2847; x_wconf 95' lang='lat' dir='ltr'>i</span> <span class='ocrx_word' id='word_1_581' title='bbox 1073 2823 1178 2847; x_wconf 81' lang='lat' dir='ltr'>nemici</span> <span class='ocrx_word' id='word_1_582' title='bbox 1196 2822 1306 2847; x_wconf 77' lang='lat' dir='ltr'>fossero</span> <span class='ocrx_word' id='word_1_583' title='bbox 1326 2830 1426 2855; x_wconf 86' lang='lat' dir='ltr'>pecore</span> <span class='ocrx_word' id='word_1_584' title='bbox 1446 2824 1521 2847; x_wconf 85' lang='lat' dir='ltr'>cotte</span> <span class='ocrx_word' id='word_1_585' title='bbox 1540 2824 1699 2855; x_wconf 85' lang='lat' dir='ltr'>potremmo</span> <span class='ocrx_word' id='word_1_586' title='bbox 1718 2824 1884 2855; x_wconf 83' lang='lat' dir='ltr'>mangiarne</span> 
     </span>
     <span class='ocr_line' id='line_1_84' title="bbox 989 2864 1884 2898; baseline 0 -9"><span class='ocrx_word' id='word_1_587' title='bbox 989 2866 1017 2890; x_wconf 87' lang='lat' dir='ltr'>le</span> <span class='ocrx_word' id='word_1_588' title='bbox 1028 2865 1118 2890; x_wconf 77' lang='lat' dir='ltr'>carni.</span> <span class='ocrx_word' id='word_1_589' title='bbox 1154 2864 1196 2889; x_wconf 87' lang='lat' dir='ltr'>La</span> <span class='ocrx_word' id='word_1_590' title='bbox 1210 2866 1285 2896; x_wconf 74' lang='lat' dir='ltr'>Epic.</span> <span class='ocrx_word' id='word_1_591' title='bbox 1306 2866 1462 2890; x_wconf 77' lang='lat' dir='ltr'>Polironese</span> <span class='ocrx_word' id='word_1_592' title='bbox 1475 2866 1510 2889; x_wconf 83' lang='lat' dir='ltr'>ha</span> <span class='ocrx_word' id='word_1_593' title='bbox 1530 2864 1589 2889; x_wconf 78' lang='lat' dir='ltr'>cosi</span> <span class='ocrx_word' id='word_1_594' title='bbox 1609 2865 1805 2898; x_wconf 82' lang='lat' dir='ltr'>parafrasato:</span> <span class='ocrx_word' id='word_1_595' title='bbox 1821 2865 1884 2890; x_wconf 85' lang='lat' dir='ltr'>dlce</span> 
     </span>
     <span class='ocr_line' id='line_1_85' title="bbox 990 2907 1882 2941; baseline 0 -9"><span class='ocrx_word' id='word_1_596' title='bbox 990 2908 1011 2932; x_wconf 83' lang='lat' dir='ltr'>il</span> <span class='ocrx_word' id='word_1_597' title='bbox 1032 2914 1136 2932; x_wconf 78' lang='lat' dir='ltr'>messo:</span> <span class='ocrx_word' id='word_1_598' title='bbox 1156 2908 1256 2932; x_wconf 80' lang='lat' dir='ltr'>“tanti</span> <span class='ocrx_word' id='word_1_599' title='bbox 1275 2909 1350 2939; x_wconf 85' lang='lat' dir='ltr'>sunt,</span> <span class='ocrx_word' id='word_1_600' title='bbox 1371 2908 1476 2939; x_wconf 81' lang='lat' dir='ltr'>inquit,</span> <span class='ocrx_word' id='word_1_601' title='bbox 1495 2907 1600 2937; x_wconf 85' lang='lat' dir='ltr'>hostes,</span> <span class='ocrx_word' id='word_1_602' title='bbox 1619 2908 1644 2932; x_wconf 90' lang='lat' dir='ltr'>si</span> <span class='ocrx_word' id='word_1_603' title='bbox 1657 2908 1751 2932; x_wconf 80' lang='lat' dir='ltr'>nostri</span> <span class='ocrx_word' id='word_1_604' title='bbox 1764 2909 1882 2941; x_wconf 82' lang='lat' dir='ltr'>pecudes</span> 
     </span>
     <span class='ocr_line' id='line_1_86' title="bbox 990 2948 1883 2982; baseline 0.002 -9"><span class='ocrx_word' id='word_1_605' title='bbox 990 2948 1003 2962; x_wconf 81' lang='lat'>⁴‘</span> <span class='ocrx_word' id='word_1_606' title='bbox 1015 2951 1109 2974; x_wconf 83' lang='lat' dir='ltr'>essent</span> <span class='ocrx_word' id='word_1_607' title='bbox 1128 2950 1163 2974; x_wconf 85' lang='lat' dir='ltr'>ab</span> <span class='ocrx_word' id='word_1_608' title='bbox 1176 2951 1216 2974; x_wconf 85' lang='lat' dir='ltr'>eis</span> <span class='ocrx_word' id='word_1_609' title='bbox 1231 2950 1339 2974; x_wconf 85' lang='lat' dir='ltr'>comedi</span> <span class='ocrx_word' id='word_1_610' title='bbox 1354 2951 1470 2982; x_wconf 85' lang='lat' dir='ltr'>possent</span> <span class='ocrx_word' id='word_1_611' title='bbox 1481 2967 1494 2980; x_wconf 81' lang='lat'>,‚</span> <span class='ocrx_word' id='word_1_612' title='bbox 1505 2957 1511 2974; x_wconf 85' lang='lat'><em>=</em></span> <span class='ocrx_word' id='word_1_613' title='bbox 1524 2957 1538 2974; x_wconf 89' lang='lat' dir='ltr'>e</span> <span class='ocrx_word' id='word_1_614' title='bbox 1551 2948 1627 2974; x_wconf 80' lang='lat' dir='ltr'>Azzo</span> <span class='ocrx_word' id='word_1_615' title='bbox 1650 2949 1663 2962; x_wconf 83' lang='lat'>‘¹</span> <span class='ocrx_word' id='word_1_616' title='bbox 1673 2950 1764 2979; x_wconf 83' lang='lat' dir='ltr'>Adeo,</span> <span class='ocrx_word' id='word_1_617' title='bbox 1778 2950 1883 2982; x_wconf 79' lang='lat' dir='ltr'>lnquit,</span> 
     </span>
     <span class='ocr_line' id='line_1_87' title="bbox 991 2990 1882 3023; baseline 0 -8"><span class='ocrx_word' id='word_1_618' title='bbox 991 2990 1099 3023; x_wconf 79' lang='lat' dir='ltr'>“pauci</span> <span class='ocrx_word' id='word_1_619' title='bbox 1120 2993 1186 3016; x_wconf 83' lang='lat' dir='ltr'>sunt</span> <span class='ocrx_word' id='word_1_620' title='bbox 1204 2991 1301 3016; x_wconf 84' lang='lat' dir='ltr'>hostes</span> <span class='ocrx_word' id='word_1_621' title='bbox 1320 2992 1352 3015; x_wconf 82' lang='lat' dir='ltr'>ut</span> <span class='ocrx_word' id='word_1_622' title='bbox 1372 2992 1394 3015; x_wconf 84' lang='lat' dir='ltr'>si</span> <span class='ocrx_word' id='word_1_623' title='bbox 1414 2991 1545 3016; x_wconf 82' lang='lat' dir='ltr'>bidentes</span> <span class='ocrx_word' id='word_1_624' title='bbox 1568 2992 1654 3016; x_wconf 77' lang='lat' dir='ltr'>assati</span> <span class='ocrx_word' id='word_1_625' title='bbox 1673 2993 1767 3017; x_wconf 80' lang='lat' dir='ltr'>essent</span> <span class='ocrx_word' id='word_1_626' title='bbox 1787 2998 1882 3016; x_wconf 86' lang='lat' dir='ltr'>eorum</span> 
     </span>
     <span class='ocr_line' id='line_1_88' title="bbox 993 3032 1514 3067; baseline 0 -9"><span class='ocrx_word' id='word_1_627' title='bbox 993 3032 1006 3046; x_wconf 81' lang='lat'><em>“</em></span> <span class='ocrx_word' id='word_1_628' title='bbox 1018 3040 1076 3058; x_wconf 80' lang='lat' dir='ltr'>non</span> <span class='ocrx_word' id='word_1_629' title='bbox 1096 3033 1254 3058; x_wconf 78' lang='lat' dir='ltr'>sufficerent</span> <span class='ocrx_word' id='word_1_630' title='bbox 1274 3033 1357 3058; x_wconf 86' lang='lat' dir='ltr'>nobis</span> <span class='ocrx_word' id='word_1_631' title='bbox 1383 3041 1480 3058; x_wconf 87' lang='lat' dir='ltr'>carnes</span> <span class='ocrx_word' id='word_1_632' title='bbox 1491 3052 1514 3067; x_wconf 73' lang='grc'>,.</span> 
     </span>
    </p>
   </div>
   <div class='ocr_carea' id='block_1_21' title="bbox 1911 2660 1942 2687">
    <p class='ocr_par' dir='ltr' id='par_1_43' title="bbox 1911 2660 1942 2687">
     <span class='ocr_line' id='line_1_89' title="bbox 1911 2660 1942 2687; baseline 0 0"><span class='ocrx_word' id='word_1_633' title='bbox 1911 2660 1942 2687; x_wconf 82' lang='lat'>25</span> 
     </span>
    </p>
   </div>
   <div class='ocr_carea' id='block_1_22' title="bbox 1911 2872 1945 2897">
    <p class='ocr_par' dir='ltr' id='par_1_44' title="bbox 1911 2872 1945 2897">
     <span class='ocr_line' id='line_1_90' title="bbox 1911 2872 1945 2897; baseline 0 -7"><span class='ocrx_word' id='word_1_634' title='bbox 1911 2872 1945 2897; x_wconf 82' lang='grc'>30</span> 
     </span>
    </p>
   </div>
  </div>
 </body>
</html>
