2288 3476
1073 212 1202 248 VITA
1230 211 1526 248 MATHILDIS

206 347 225 361 t.
241 347 287 365 ljv

772 334 954 368 Plausibus
977 335 1108 368 emissis
1132 334 1283 368 deflebat
1305 336 1420 378 presul
1443 336 1480 368 in
1505 336 1577 368 istis

774 388 916 421 Verbis:
948 387 1169 420 “Discrimen
1193 398 1365 431 magnum,
1390 394 1524 421 constat
1547 399 1685 432 quoque
1709 390 1843 423 crimen
1858 413 1889 431 „-

772 441 944 473 Presbiter
968 450 1160 483 agnoscens
1185 451 1227 472 ex
1249 441 1317 473 hoc
1341 442 1435 484 quod
1458 442 1575 483 presul
1600 441 1763 476 abhorret

770 494 931 537 Reginae
954 494 1094 531 loetum,
1118 492 1163 526 de
1186 494 1258 526 vita
1280 500 1333 526 sat
1356 494 1434 527 fore
1458 494 1596 534 laetum,

769 546 840 589 Ipsi
863 547 1022 589 privatim
1045 547 1216 592 patefecit
1239 547 1357 580 vivere
1381 548 1495 580 statim

769 599 953 642 Reginam,
977 599 1081 632 vellet
1105 611 1173 643 quo
1198 601 1390 643 presidium
1411 601 1475 634 sibi
1498 602 1618 635 ferret.

776 654 790 670 “
804 653 949 686 Gaudeo
974 654 1067 696 quod
1091 653 1178 686 vivit
1200 654 1426 687 vehementer
1439 678 1470 695 „,
1494 655 1679 698 episcopus
1701 656 1823 700 inquit,

775 707 931 739 “Arcem
956 717 1124 746 securam,
1148 706 1211 740 sub
1235 718 1289 740 me
1313 719 1397 741 vero
1420 708 1493 741 scio
1517 709 1657 742 nullam.

776 759 887 792 “Atto
912 771 1008 792 meus
1031 760 1130 793 miles
1155 761 1261 794 habet
1282 771 1398 800 unam,
1421 762 1448 794 si
1471 763 1556 795 velit
1577 762 1683 801 idem,

777 815 791 831 “
807 813 847 845 In
872 825 940 857 qua
963 814 1084 858 regina
1106 815 1291 857 persistere
1315 815 1408 860 regis
1431 816 1475 848 ad
1498 816 1583 849 iram

775 869 789 884 “
802 867 980 910 Tempora
1001 878 1066 910 per
1089 868 1193 913 longa
1215 869 1355 911 poterit,
1378 869 1421 902 fit
1446 869 1543 902 dicta
1565 869 1728 904 Canossa.

773 923 787 938 ‘⁴
801 920 937 964 Accipe
962 932 1039 954 cras
1063 928 1196 956 nostros
1220 923 1363 967 equulos
1387 923 1504 966 equita
1525 924 1621 956 velut
1645 924 1775 964 hortor,

772 974 786 990 “
800 973 967 1007 Attonem
990 975 1110 1008 forsan
1133 975 1310 1020 rogitabis,
1333 976 1478 1010 habebis
1500 983 1539 1009 ut
1563 983 1663 1020 optas
1677 1001 1706 1019 „.

766 1027 871 1060 Luxit
895 1039 1044 1071 cumque
1061 1028 1144 1068 dies,
1170 1029 1336 1072 equitavit
1357 1030 1526 1073 presbiter
1548 1031 1660 1069 idem;

770 1081 887 1115 Verbo
911 1092 1014 1125 quem
1036 1083 1135 1126 largo
1159 1083 1321 1126 princeps
1344 1083 1538 1128 interrogat
1561 1084 1646 1118 Atto

769 1135 868 1174 Quid
890 1135 934 1168 de
958 1135 1078 1180 regina
1101 1136 1233 1169 factum
1256 1137 1310 1175 sit,
1334 1147 1403 1180 quo
1426 1137 1494 1170 sibi
1519 1137 1624 1171 dicat.

767 1188 910 1221 Intimat
932 1189 1023 1222 hane
1046 1190 1163 1222 senior
1186 1190 1390 1222 defunctam
1413 1200 1556 1223 carcere
1581 1191 1678 1225 diro:

766 1241 852 1275 Atto
876 1242 999 1275 dolens
1021 1242 1124 1275 valde
1149 1243 1310 1275 lacrimas
1332 1243 1504 1277 fundebat
1526 1255 1654 1277 amare.

768 1295 924 1339 Cumque
948 1295 1063 1337 palam
1086 1295 1175 1327 vidit
1198 1296 1292 1338 quod
1314 1296 1424 1335 fleret,
1448 1297 1538 1330 clam
1561 1298 1627 1331 sibi
1652 1298 1770 1332 dicit:'

201 1362 220 1377 c.
237 1361 260 1379 u
270 1361 283 1374 r
771 1349 785 1364 “
800 1348 906 1387 Vivit,
930 1354 965 1381 et
989 1355 1110 1391 erepta
1132 1360 1195 1391 per
1217 1355 1251 1381 te
1276 1349 1373 1392 cupit
1396 1361 1471 1382 esse
1496 1357 1640 1393 recepta
1654 1376 1685 1391 „.

767 1401 916 1440 Quaerit
940 1412 1048 1445 equos
1071 1402 1236 1445 princeps
1260 1413 1349 1440 πιοκ,
1375 1404 1501 1435 cursim
1525 1405 1639 1448 pergit
1662 1405 1794 1449 ibique.

765 1456 894 1487 Tereia
917 1461 1001 1488 tunc
1025 1455 1124 1488 terris
1148 1456 1304 1489 clarebat
1328 1462 1362 1489 et
1386 1457 1472 1490 hora
1495 1458 1576 1497 diei,

766 1508 868 1541 Estus
891 1514 965 1541 erat
988 1509 1128 1552 quippe,
1151 1508 1214 1541 sed
1238 1520 1309 1542 non
1333 1510 1431 1542 stetit
1453 1510 1604 1555 impiger
1626 1512 1705 1550 iste3

765 1562 920 1595 Alterius
942 1563 1038 1595 venit
1061 1563 1144 1596 dum
1169 1563 1322 1607 denique
1345 1570 1443 1596 sexta
1467 1565 1547 1604 diei,

767 1616 940 1659 Reginam
964 1615 1093 1648 claram
1117 1622 1297 1659 sumptam,
1321 1617 1420 1650 simul
1444 1618 1516 1651 eius
1540 1625 1574 1651 et
1597 1619 1727 1656 abram,

766 1668 849 1702 Alta
871 1669 1024 1702 Canossa
1047 1675 1151 1708 tenet,
1174 1670 1229 1703 vel
1254 1681 1313 1702 eas
1336 1682 1373 1703 se
1398 1670 1516 1704 laudat
1538 1672 1679 1706 habere.

769 1723 867 1755 Haec
890 1733 983 1756 nova
1007 1724 1095 1756 clam
1119 1724 1269 1757 Romam
1293 1735 1372 1757 mox
1395 1735 1507 1767 papae
1531 1725 1661 1770 dirigit,
1685 1737 1788 1761 orans

765 1776 881 1820 Atque
905 1782 1028 1819 petens
1051 1777 1174 1820 ipsum,
1198 1788 1266 1820 quo
1290 1778 1493 1811 conscilium
1517 1779 1582 1812 sibi
1607 1780 1748 1823 dignum

765 1830 819 1863 Ex
841 1831 907 1863 hac
931 1842 970 1863 re
994 1836 1135 1873 prestet,
1160 1831 1244 1864 dare
1267 1832 1422 1876 reginam
1446 1833 1528 1875 quia
1551 1834 1658 1867 vellet

767 1884 890 1917 Ottoni
912 1884 999 1928 regi,
1023 1884 1079 1917 cui
1102 1894 1189 1928 gens
1211 1884 1440 1918 Alemannica
1463 1888 1579 1920 servit.

768 1937 917 1981 Scripsit
939 1938 972 1970 ei
995 1948 1142 1981 magnae
1165 1938 1346 1980 probitatis
1369 1949 1461 1981 papa
1484 1940 1667 1980 Iohannes,

767 1991 869 2030 Quae
892 1990 998 2034 gessit
1020 1991 1177 2030 laudans,
1200 1998 1280 2035 agat
1303 1992 1371 2024 hoc
1394 1999 1432 2025 ut
1455 1993 1530 2026 vult
1553 2000 1588 2026 et
1613 1995 1766 2037 adoptat.

767 2044 925 2076 Nuncius
948 2044 1088 2078 Attonis
1110 2050 1187 2087 post
1210 2046 1298 2078 haec
1322 2046 1488 2079 conduxit
1510 2046 1547 2078 in
1570 2046 1666 2079 horis

768 2098 930 2131 Veronae
953 2108 1071 2142 regem
1095 2108 1171 2130 cum
1197 2108 1305 2140 parva
1328 2099 1480 2142 denique
1504 2105 1621 2143 gente.

766 2150 826 2183 Ad
849 2152 944 2194 quod
967 2161 1029 2184 rex
1052 2151 1135 2184 Otto
1158 2151 1264 2190 venit,
1287 2152 1354 2184 sibi
1378 2152 1525 2186 contulit
1548 2153 1647 2192 Atto,

766 2205 940 2248 Reginam
963 2205 1071 2242 duxit,
1096 2216 1184 2249 quae
1207 2206 1283 2249 regi
1306 2211 1390 2238 tunc
1414 2217 1554 2250 quoque
1577 2207 1704 2250 nupsit.

769 2257 927 2302 Coniuge
950 2264 1121 2301 suscepta,
1143 2258 1236 2291 redit
1258 2259 1304 2292 ad
1327 2259 1501 2302 propriam
1526 2260 1598 2292 cito
1622 2266 1761 2301 terram,

767 2310 890 2344 Attoni
912 2312 1087 2355 spondens
1111 2312 1205 2356 quod
1229 2312 1272 2345 de
1295 2323 1332 2344 se
1357 2313 1506 2345 maxima
1528 2313 1671 2356 posset.'

674 667 723 693 ι95

670 934 723 953 200

671 1202 722 1228 205

668 1470 720 1488 210

670 1737 721 1762 ²¹5

670 2004 722 2023 220

670 2272 720 2298 ²25

316 2835 347 2852 10

458 2460 484 2476 v.
504 2449 564 2483 19⁰)
583 2451 607 2475 Il
621 2451 762 2476 Muratori
775 2451 859 2476 volea
872 2458 1050 2484 coroeggere:
1073 2451 1086 2465 “
1096 2452 1147 2477 Dii
1161 2452 1267 2476 crimen

374 2492 387 2505 “
396 2500 528 2525 magnum
539 2512 564 2525 η,
583 2501 601 2518 o
618 2493 632 2507 ¹‘
643 2494 688 2518 die
701 2495 807 2518 crimen
821 2501 954 2526 magnum
965 2512 989 2525 η.
1023 2493 1054 2519 Si
1067 2496 1155 2519 tratta
1170 2495 1268 2519 invece

371 2536 402 2560 dl
420 2543 457 2560 un
470 2536 620 2568 giochetto
633 2537 662 2561 di
677 2536 775 2569 parole
790 2544 856 2561 caro
871 2545 885 2561 a
899 2537 948 2561 D.:
969 2537 990 2561 il
1006 2544 1127 2562 vescovo
1147 2537 1267 2562 avrebbe

372 2578 466 2603 detto:
486 2577 511 2603 Ο
531 2579 614 2610 quale
633 2580 775 2608 sventura,
795 2587 809 2603 e
829 2579 904 2604 forse
924 2587 962 2604 un
982 2580 1095 2604 delitto.

459 2629 486 2645 v.
505 2619 564 2654 197)
577 2621 655 2645 Azzo
676 2628 723 2646 era
742 2622 853 2653 quindi,
872 2622 995 2646 secondo
1015 2622 1043 2646 la
1057 2622 1219 2647 tradizione
1236 2622 1265 2646 di

373 2661 508 2693 Canossa,
527 2663 652 2688 vassallo
671 2664 716 2688 del
737 2671 859 2688 vescovo
879 2664 906 2688 di
927 2663 1048 2697 Reggio,
1060 2664 1167 2690 benche
1181 2665 1267 2697 quisi

373 2707 488 2730 accenni
503 2705 694 2731 chiaramente
714 2706 763 2731 che
784 2706 912 2731 Canossa
933 2714 991 2731 non
1010 2714 1057 2731 era
1071 2707 1115 2732 del
1136 2715 1267 2732 vescovo.

460 2756 506 2772 vv.
524 2751 651 2780 21o·212)
671 2747 748 2772 Azzo
774 2749 896 2773 avrebbe
915 2749 1073 2781 impiegato
1094 2750 1268 2775 nell'andata

374 2797 388 2813 a
407 2789 546 2815 Mantova
564 2799 578 2815 e
598 2791 711 2816 ritorno
726 2799 741 2815 a
755 2790 885 2816 Canossa
904 2792 1058 2817 ventisette
1078 2800 1135 2818 ore.
1161 2793 1173 2818 1
1192 2794 1268 2818 versi

374 2835 423 2854 212
445 2838 458 2854 e
479 2837 527 2862 213
550 2839 620 2855 sono
641 2832 773 2856 riser-itti.

462 2880 489 2896 v.
507 2871 568 2904 213)
587 2874 693 2898 abram:
713 2875 823 2904 ancilla,
842 2875 939 2906 glossa
960 2876 1117 2908 marginale
1138 2875 1166 2900 di
1192 2875 1219 2900 V.

463 2922 488 2938 v.
507 2915 572 2948 215)
593 2914 634 2939 La
653 2917 820 2940 narrazione
839 2923 950 2941 assume
962 2917 998 2942 da
1011 2920 1111 2949 questo
1125 2920 1217 2950 punto
1230 2926 1268 2943 un

375 2957 512 2980 carattere
531 2957 589 2982 cosi
611 2958 794 2990 leggendario
814 2959 864 2983 che
882 2958 897 2984 ὲ
918 2960 1020 2984 inutile
1041 2961 1149 2985 volerla
1171 2962 1268 2986 esami-

376 3004 442 3021 nare
462 2999 675 3024 minutamente:
691 3008 758 3031 essa,
778 3001 927 3026 formatasi
943 3010 956 3025 a
971 3002 1106 3032 Canossa,
1121 3004 1192 3027 mira
1206 3003 1269 3027 solo

1323 2452 1358 2476 ad
1377 2452 1496 2477 esaltare
1516 2453 1544 2477 la
1562 2461 1684 2485 persona
1697 2454 1727 2479 di
1740 2455 1819 2479 Azzo
1833 2462 1847 2480 e
1862 2462 1896 2479 ne
1910 2455 1938 2480 sa
1952 2455 1974 2480 il
1988 2457 2086 2481 centro
2100 2457 2130 2482 dt
2141 2458 2219 2483 tutta

1323 2494 1351 2518 la
1370 2495 1459 2519 storia
1478 2494 1593 2520 d’Italia
1619 2495 1666 2520 dal
1685 2501 1735 2528 951
1757 2496 1784 2520 al
1804 2496 1865 2528 961.

1410 2546 1436 2562 v.
1456 2538 1518 2570 219)
1539 2538 1593 2562 Nel
1613 2544 1663 2571 951
1684 2547 1731 2563 era
1751 2546 1824 2572 papa
1843 2540 1971 2574 Agapito
1989 2540 2016 2566 H
2033 2548 2049 2566 e
2067 2549 2127 2567 non
2147 2541 2217 2567 Gto·

1322 2580 1410 2604 vanni
1424 2579 1499 2612 (XII)
1513 2580 1592 2605 Mun.
1618 2581 1640 2605 Il
1655 2581 1808 2613 rivolgersi
1823 2582 1852 2607 di
1866 2582 1944 2608 Azzo
1957 2583 1985 2608 al
1998 2591 2072 2617 papa
2084 2591 2099 2609 e
2117 2583 2153 2609 ad
2166 2584 2217 2610 Ot-
2262 2578 2279 2616 ξ

1321 2624 1397 2652 tone,
1408 2621 1534 2647 oltreche
1547 2624 1665 2648 assurdo
1679 2631 1758 2649 come
1771 2624 1799 2649 la
1813 2627 1917 2650 venuta
1931 2627 2039 2658 segreta
2058 2627 2087 2651 di
2100 2625 2217 2656 Ottone,
2264 2618 2279 2642 '⁴⁴

1320 2663 1335 2688 ὲ
1354 2665 1580 2690 materialmente
1600 2666 1780 2699 impossibile
1799 2675 1848 2700 per
1868 2669 1876 2691 i
1897 2668 1988 2693 limiti
2007 2668 2038 2693 dl
2056 2670 2167 2702 tempo=
2187 2668 2217 2694 1ο

1322 2708 1411 2731 stesso
1430 2707 1581 2740 rivolgersi
1602 2708 1630 2732 di
1652 2709 1791 2734 Adelaide
1810 2710 1845 2734 ad
1866 2709 1974 2735 Ottone
1986 2718 2045 2735 non
2058 2709 2116 2744 pub
2127 2718 2218 2736 essere
2264 2709 2279 2734 ,’

1322 2751 1465 2774 avvenuto
1485 2750 1534 2774 che
1554 2751 1669 2782 quando
1688 2752 1746 2784 egli
1765 2759 1812 2776 era
1830 2750 1878 2784 gia
1898 2753 1928 2777 in
1947 2753 2042 2783 Italia,
2067 2752 2168 2785 perche
2189 2761 2218 2779 se

1322 2792 1350 2817 la
1371 2793 1436 2824 suga
1456 2800 1584 2817 avvenne
1604 2794 1728 2818 secondo
1748 2793 1922 2820 l’iscrizione
1948 2795 1977 2820 di
2002 2794 2116 2820 Trevstl
2142 2794 2164 2820 11
2183 2802 2219 2820 20

1323 2837 1432 2866 agosto,
1452 2843 1466 2859 e
1486 2834 1595 2861 Ottone
1614 2836 1636 2860 il
1658 2842 1689 2868 ²3
1710 2838 1859 2861 settembre
1883 2844 1930 2861 era
1955 2836 2003 2869 gia
2027 2844 2044 2862 a
2068 2836 2168 2869 Pavla,
2193 2839 2216 2862 si

1323 2877 1493 2908 comprende
1506 2877 1555 2902 che
1569 2877 1677 2903 Ottone
1691 2886 1737 2903 era
1750 2877 1797 2911 gia
1812 2878 1867 2903 alle
1881 2881 1962 2911 porte
1975 2878 2090 2904 d’Italiu
2103 2880 2216 2912 quando

1322 2918 1463 2944 Adelaide
1480 2917 1571 2952 suggi.
1608 2920 1661 2944 Per
1680 2921 1708 2944 la
1728 2923 1817 2945 stessa
1836 2923 1954 2952 ragione
1974 2929 2032 2945 non
2052 2922 2075 2946 si
2090 2920 2147 2954 pub
2161 2929 2216 2946 cre·
2262 2943 2263 2946 ,

1323 2962 1395 2990 dere,
1415 2970 1493 2986 come
1512 2962 1574 2986 dice
1593 2961 1688 2987 Leone
1708 2962 1849 2992 Ostiense,
1867 2964 1917 2988 che
1931 2963 2071 2988 Adelaide
2087 2965 2161 2989 fosse
2174 2972 2217 2989 ss·
2263 2964 2267 2992 ζ

1324 3003 1432 3028 sediata
1452 3012 1466 3028 a
1487 3003 1615 3029 Canossa
1634 3007 1676 3029 tre
1695 3007 1774 3030 anni.
