2288 3476
29 1203 98 1274 *2wa
114 1230 308 1266 NOMINE
324 1230 498 1265 DOMINI
514 1230 624 1263 IESU
647 1229 842 1263 CHRISTI
867 1229 1127 1263 CRUCIFIXI.
1172 1229 1353 1262 INCIPIT
1369 1228 1619 1262 HYSTORIA
1635 1228 1890 1262 COMITISSE

42 1295 43 1298 ’
133 1284 413 1324 MATHILDIS,
437 1284 501 1317 DE
524 1283 691 1317 GESTIS
715 1282 978 1316 VIDELICET
1003 1281 1400 1317 PROGENITORUM
1423 1281 1575 1315 IPSIUS
1598 1282 1661 1315 ET
1676 1281 1891 1315 EIUSDEM

135 1337 394 1372 COMITISSE
416 1337 684 1371 MATHILDIS
700 1336 722 1369 ¹.

34 1471 37 1483 ἲ
132 1435 316 1470 Mathildis
339 1436 471 1480 inclyta
502 1435 697 1474 Comitissa‚
728 1440 763 1468 et
789 1434 946 1468 militaris
978 1435 1162 1467 admodum
1193 1434 1327 1472 mulier,
1358 1433 1512 1467 Henrico
1543 1438 1666 1477 quarto
1696 1434 1888 1476 imperante

135 1489 421 1533 praeclarissimis
444 1489 579 1522 actibus
602 1489 638 1520 in
668 1488 826 1521 muliebri
857 1498 942 1520 sexu
971 1487 1062 1520 vires
1090 1486 1383 1530 praecellentibus
1413 1487 1530 1519 viriles
1560 1486 1707 1519 habetur
1737 1486 1890 1529 insignis.

29 1535 48 1583 ’ᾗς
78 1543 155 1576 uiue
177 1542 330 1587 hystoria
352 1548 422 1575 tam
446 1541 709 1585 progenitorum
731 1541 850 1583 ipsius,
874 1551 977 1584 quam
1000 1551 1096 1573 suam
1119 1540 1300 1584 originem,
1325 1546 1361 1573 et
1384 1545 1464 1572 acta
1486 1539 1677 1572 summatim
1700 1539 1892 1578 continens,

31 1627 33 1634 ,
55 1612 70 1625 -›
109 1595 257 1629 diversis
279 1595 431 1629 collecta
453 1595 614 1634 cronicis,
638 1594 795 1638 sequitur
818 1595 853 1626 in
876 1594 970 1627 hunc
993 1595 1142 1628 modum.

768 1718 932 1752 CAPUT
955 1718 1164 1752 PRIMUM.

28 1796 101 1850 g'le
130 1791 299 1825 obsidione
329 1791 441 1824 castrt
469 1790 625 1829 Canosse,
653 1801 693 1823 ac
723 1790 921 1823 liberatione
950 1790 1076 1834 regine
1105 1789 1267 1831 Adeleite,
1299 1800 1399 1833 quam
1428 1788 1665 1832 Beringarius
1694 1799 1757 1821 rex
1786 1788 1890 1821 Italie

28 1875 58 1914 μ.
136 1845 317 1878 detinebat.

53 1935 54 1938 ¹
134 1942 342 1987 sigifredus,
367 1943 533 1986 princeps
557 1943 697 1987 quidam
712 1941 852 1974 illustris
876 1942 920 1974 de
944 1941 1076 1974 Tuscie
1091 1941 1247 1985 partibus
1270 1940 1435 1974 comitatu
1458 1940 1595 1973 lucensi
1618 1946 1725 1979 ortus,
1749 1940 1891 1973 studens

70 2011 75 2023 =
85 1997 93 2006 '
119 1995 265 2030 nominis
288 1996 434 2040 gloriam
450 1995 627 2038 ampliare,
642 1995 955 2040 Longobardorum
972 1995 1056 2028 fines
1071 1995 1248 2038 ingressus
1265 2005 1343 2026 cum
1359 1994 1439 2027 filiis
1454 1994 1530 2026 eius
1545 1992 1733 2036 Sigifredo,
1748 1992 1892 2032 Attone,

18 2041 84 2089 5251:
104 2049 264 2084 Gerardo
286 2049 411 2083 multas
434 2049 601 2087 civitates,
624 2055 747 2093 gentes
770 2055 805 2082 et
828 2049 959 2091 oppida
983 2048 1202 2092 conquisivit,
1227 2054 1262 2081 et
1284 2048 1348 2080 sibi
1364 2047 1513 2090 subegit.
1558 2047 1734 2080 Defuncto
1750 2047 1890 2080 tandem

76 2118 101 2144 ·,
123 2103 186 2136 filii
209 2104 283 2136 eius
305 2103 444 2146 prefati,
469 2108 614 2145 paterna
637 2101 819 2136 condivisa
849 2101 1048 2140 substantia,
1073 2102 1142 2134 duo
1172 2112 1216 2134 ex
1238 2102 1297 2140 eis,
1322 2101 1458 2134 scilicet
1481 2101 1679 2145 sigifredus
1703 2106 1737 2133 et
1761 2100 1889 2133 Gerar-

17 2197 18 2200 *
32 2151 60 2187 3³³
71 2166 111 2189 us
133 2155 356 2189 Par-mensem
379 2156 555 2189 civitatem
578 2156 809 2189 incoluerunt.
853 2154 938 2188 Atto
961 2165 1046 2188 vero
1063 2156 1123 2198 qui
1140 2155 1243 2198 longe
1260 2156 1388 2187 fratres
1403 2154 1533 2187 viribus
1548 2160 1583 2187 et
1597 2153 1700 2186 rebus
1715 2160 1892 2187 transcen-

31 2204 63 2250 ,ἵ
72 2215 157 2248 erat,
179 2209 368 2243 Canossam
391 2215 552 2248 castrum,
575 2209 641 2242 sibi
663 2208 880 2242 domicilium
904 2209 1053 2251 accepit,
1077 2209 1173 2252 quod
1195 2208 1345 2241 turribus
1369 2208 1524 2245 munivit,
1541 2213 1576 2240 et
1591 2207 1770 2240 moenibus
1786 2207 1891 2240 deco-

32 2264 45 2296 Γ
74 2263 146 2296 vit.
190 2262 277 2296 Erat
298 2263 392 2296 enim
414 2263 486 2296 loci
508 2268 632 2296 natura
648 2263 915 2306 circumquaque
940 2262 1116 2301 munitum,
1132 2261 1403 2305 inexpugnabile
1425 2272 1549 2294 revera
1570 2261 1769 2304 presidium,
1792 2261 1892 2293 sit-um

32 2318 75 2354 'ju
107 2316 240 2349 diocesi
271 2316 475 2360 Reginensi.
521 2315 580 2348 Ad
611 2315 710 2349 cuius
741 2315 846 2348 castri
877 2314 1094 2348 obsidionem
1126 2316 1207 2348 dum
1235 2315 1383 2348 venisset
1412 2314 1637 2358 Beringarius
1668 2323 1729 2346 rex
1759 2313 1890 2351 Italiae,

34 2365 61 2415 tf
79 2385 85 2397 ·
102 2385 119 2398 ιι
150 2369 219 2402 filio
243 2374 277 2402 et
298 2368 610 2413 Longobardorum
633 2368 803 2407 exercitu,
834 2374 873 2401 ut
904 2368 969 2401 sibi
990 2366 1156 2401 Attonem
1179 2378 1257 2400 cum
1281 2373 1396 2400 castro
1419 2366 1618 2405 subiiceret,
1647 2378 1709 2399 rex
1738 2372 1773 2399 et
1802 2366 1891 2399 filius

51 2428 82 2459 1·
100 2429 130 2456 ιι
154 2421 307 2455 extincti.
351 2421 578 2465 Longobardi
600 2431 684 2454 vero
708 2421 868 2464 Ugonem
891 2421 1004 2453 virum
1027 2420 1185 2454 inclitum
1209 2426 1401 2454 statuerunt
1423 2419 1489 2452 sibi
1511 2430 1628 2463 regem
1645 2420 1787 2453 natione
1805 2420 1890 2452 Bur-

52 2483 64 2514 ·;
105 2475 225 2509 ·dium.
271 2474 356 2508 Post
379 2474 476 2507 cuius
498 2480 644 2507 mortem
667 2474 853 2507 Lotharius
876 2474 950 2506 eius
979 2474 1068 2506 filius
1091 2474 1145 2506 vir
1166 2474 1320 2517 prudens
1346 2473 1514 2516 regnavit,
1545 2472 1677 2505 habens
1707 2473 1890 2516 coniugem

83 2529 223 2562 deleide
245 2528 395 2566 nomine,
419 2527 638 2570 splendidam
660 2527 850 2560 mulierem.
895 2527 948 2559 Ex
970 2526 1036 2559 hac
1059 2527 1255 2560 subtractus
1278 2526 1355 2559 luce
1378 2526 1572 2564 Lotharius,
1597 2525 1739 2569 quidam
1762 2525 1892 2557 Beren-

58 2581 167 2614 rius
197 2580 452 2625 Longobardus
486 2580 586 2612 huius
620 2580 766 2613 nominis
794 2586 945 2624 quartus,
976 2579 1107 2624 absque
1141 2586 1227 2614 nutu
1256 2579 1430 2612 Adeleide
1461 2579 1584 2612 relicte
1619 2579 1750 2623 regine,
1781 2589 1891 2623 eaque

88 2635 219 2669 nitente
247 2645 311 2678 pro
342 2633 484 2670 viribus.
506 2644 567 2666 rex
598 2640 734 2667 creatur
758 2633 891 2666 Italiae.
938 2632 1010 2672 Qui
1033 2639 1156 2667 contra
1179 2644 1255 2666 eam
1285 2633 1330 2666 ob
1361 2633 1451 2666 hanc
1476 2643 1613 2665 causam
1637 2632 1758 2665 sevitia
1781 2639 1816 2665 et
1843 2633 1893 2665 ira

139 2760 148 2778 ¹
168 2760 221 2785 Nel
241 2761 316 2785 testo
336 2760 382 2785 del
401 2759 542 2785 Muratori
561 2758 577 2784 ὲ
590 2766 731 2793 premesso
744 2760 843 2791 questo
856 2759 944 2784 titolo
999 2759 1136 2784 Mantova
1155 2758 1196 2792 (B.
1219 2759 1266 2790 IV,
1289 2758 1332 2792 17)
1353 2759 1375 2783 il
1394 2758 1482 2783 titolo
1501 2757 1515 2782 ὲ
1534 2756 1587 2791 piu
1608 2758 1703 2782 breve:
1719 2758 1819 2789 Inczspit
1832 2759 1892 2783 vita

55 2802 97 2837 'vl
112 2803 242 2833 Lelbn12‚
256 2802 306 2827 che
318 2802 356 2826 ho
369 2802 522 2826 sustituito
535 2808 590 2826 con
604 2800 702 2833 quello
715 2801 760 2825 del
772 2801 833 2826 cod.
846 2801 945 2826 Esten-
995 2803 1119 2836 gloriose
1139 2802 1277 2828 comitisse
1296 2803 1448 2827 Mathildis.
1485 2801 1539 2825 Fra
1554 2803 1562 2825 i
1577 2801 1629 2825 due
1649 2800 1740 2825 codici
1762 2808 1820 2825 non
1834 2801 1865 2826 vi
1877 2799 1892 2826 ὲ

40 2844 77 2865 ’·“-
98 2844 129 2870 1⁴⁸.
150 2851 174 2875 2,
193 2853 224 2877 4²
245 2844 370 2870 Historia
392 2844 596 2869 Illustrissimae
618 2843 774 2868 Comitissae
793 2844 946 2874 Mathildis‚
1000 2845 1153 2870 differenza'
1166 2844 1350 2874 sostanziale‚
1369 2844 1449 2868 salvo
1476 2844 1526 2868 che
1550 2843 1689 2868 l’Estense
1713 2844 1749 2868 ha
1776 2844 1784 2867 i
1810 2844 1892 2868 titou

38 2880 82 2913 “25
98 2889 131 2913 de
146 2887 236 2921 gestis
248 2887 495 2918 potentissimorum
516 2886 723 2918 progenitorum
741 2893 854 2915 suorum,
874 2887 947 2918 cujus
999 2887 1045 2912 dei
1065 2886 1194 2919 capitoli.
1213 2893 1292 2911 come
1313 2887 1357 2911 nel
1375 2886 1474 2910 codlce
1494 2885 1537 2910 del
1557 2885 1722 2910 Fiorentini
1741 2887 1824 2910 usato
1844 2885 1892 2910 dal

32 2925 75 2947 -’
92 2933 146 2962 pus
164 2929 306 2962 requiescit
324 2929 352 2953 in
371 2929 529 2961 dignissimo
557 2928 684 2953 Coenobu’o
704 2928 731 2953 S.
755 2928 898 2952 Benedicti
915 2928 947 2952 de
999 2929 1119 2954 Leibniz
1137 2929 1187 2953 che
1207 2929 1230 2952 si
1250 2929 1353 2961 ignora
1378 2928 1461 2960 quale
1484 2928 1568 2952 fosse.
1604 2927 1644 2952 Le
1663 2927 1799 2952 diversit&
1820 2935 1892 2952 sono

58 2970 225 3001 'adoln‘rone,
239 2971 377 2996 Dioecesz's
391 2973 418 2995 et
435 2970 574 2995 districtus
592 2970 756 2995 Mantuani:
774 2970 848 2994 Obiit
860 2972 947 2994 autem
1001 2978 1073 3004 poco
1093 2968 1143 3004 piu
1162 2971 1212 2995 che
1230 2970 1428 3003 ortografiche.
1463 2970 1505 2994 La
1525 2969 1685 2995 collazione
1702 2970 1738 2994 ha
1751 2977 1892 3003 permesso

33 3039 36 3049 x
75 3046 78 3051 Α
111 3026 116 3035 ι
145 3015 304 3039 humanatae
330 3013 498 3038 Dim'nitatis
526 3013 665 3037 millesimo
695 3012 835 3037 centesimo
859 3012 947 3044 quinto
1000 3011 1100 3035 lnvece
1119 3010 1237 3043 qualche
1262 3011 1425 3035 correzione
1444 3010 1489 3034 del
1509 3011 1583 3035 testo
1603 3009 1788 3042 leibniziano,
1818 3011 1892 3035 forse

89 3055 162 3085 cino,
174 3063 240 3081 nono
259 3056 364 3080 kalend.
382 3055 511 3088 Augusti.
547 3055 600 3079 Nel
621 3055 718 3079 codice
736 3054 905 3079 Polironese
919 3054 948 3078 di
1000 3055 1102 3086 guasto
1122 3052 1156 3077 da
1176 3053 1267 3077 errori
1286 3053 1315 3077 di
1335 3054 1455 3084 stampa.

187 3171 220 3196 T.
239 3171 272 3203 V,
293 3178 319 3205 p.
340 3178 363 3196 11
382 3184 417 3189 —
435 3170 460 3196 8.

1922 2805 1954 2823 10

1922 3017 1952 3044 Ι5
