2288 3476
411 539 461 565 130

411 805 459 830 ¹35

410 1071 461 1097 ¹4⁰

413 1338 462 1365 ηε

414 1607 466 1634 ¹5⁰

413 1874 463 1902 ι55

415 2136 466 2162 ιὸο

30 2331 77 2382 [³
116 2347 258 2378 Cannam
277 2356 292 2373 e
311 2347 401 2374 molto
420 2347 650 2381 probabilmente
669 2348 690 2372 il
710 2345 865 2381 soggiorno
884 2348 934 2372 che
954 2348 1012 2373 fece

63 2394 68 2407 ²
115 2389 220 2417 Enrlco
240 2399 256 2416 a
273 2391 388 2416 Verona
409 2391 456 2416 nel
475 2398 571 2415 marzo
589 2390 681 2415 dovea
699 2389 830 2424 (Ma-van,
850 2394 891 2422 op.
910 2390 1012 2420 cit.,11.

404 239 654 276 CARMINE
683 238 906 274 SCRIPTA
935 237 974 273 A
1001 235 1279 272 DONIZONE
1307 233 1653 270 PRESBYTERO

504 362 627 396 Pastor
649 362 733 394 felle
757 372 891 401 carens,
916 361 962 394 ad
986 371 1064 393 eum
1087 358 1271 392 descendit
1294 357 1339 390 ab
1363 367 1445 390 arce

503 415 635 449 Crebro
658 416 789 458 scripta
812 425 927 457 supra,
951 424 1031 447 mox
1054 419 1107 446 est
1129 412 1314 446 Comitissa
1337 416 1492 454 sequuta.

503 469 659 503 Callidus
682 474 719 502 at
741 469 848 502 multa
870 479 931 501 rex
953 478 1065 511 papae
1090 467 1189 505 dixit,
1212 472 1247 499 et
1268 465 1362 498 ultra

507 523 696 556 Eridanum
720 523 862 555 fluvium
886 532 1068 554 commune
1093 520 1190 563 cupit
1213 520 1296 552 fieri
1318 525 1403 552 tunc

503 576 733 620 Colloquium,
758 576 876 609 laudat
899 575 992 619 quod
1015 585 1118 617 papa,
1141 572 1322 606 Mathildis
1345 577 1380 605 et
1402 577 1507 615 optat.

505 629 577 663 Cur
598 631 667 662 hoc
691 640 753 663 rex
777 629 883 667 malit,
906 629 1070 672 ignorant
1092 627 1130 659 hi
1155 628 1224 660 duo
1248 624 1372 664 clari;'

506 683 652 716 Mantua
675 694 713 716 re
737 693 820 715 vera
842 683 974 725 placito
997 681 1166 724 subdique
1190 679 1341 713 timebat.

504 737 588 770 Rex
610 736 771 780 equidem
795 736 924 768 frustra
946 735 1102 768 transivit
1124 734 1283 777 primitus
1305 733 1434 766 undam

507 789 660 827 Eridani,
683 795 837 823 tractans
861 799 938 821 cum
962 788 1083 831 paucis
1105 787 1246 820 tradere
1268 796 1406 829 papam,

507 843 583 876 Nec
607 853 678 876 non
701 843 729 875 si
753 842 867 885 quiret
890 841 1108 874 Comitissam
1133 840 1286 873 traderet
1309 839 1423 877 idem;

509 897 585 930 Hoc
609 896 722 929 scelus
745 896 927 928 infandum
951 895 1129 937 complere
1153 899 1252 936 putat
1274 892 1484 935 placitando.

506 948 643 982 Cuncta
665 949 788 982 videns
811 948 967 982 Christus
990 947 1062 980 fieri
1085 947 1193 980 vetuit
1216 947 1330 979 scelus
1352 946 1465 983 istud:

507 1003 697 1036 Eridanum
720 1002 848 1045 presul,
871 1001 1054 1034 Mathildis
1078 1007 1114 1033 et
1137 1000 1267 1043 optima
1290 1010 1408 1033 secum

505 1056 693 1098 Transivit,
717 1065 862 1098 sperans
883 1065 1008 1097 pacem
1032 1063 1244 1097 componere
1268 1063 1404 1089 veram:

506 1109 565 1142 Ad
588 1108 764 1142 dominam
789 1108 919 1141 claram
943 1108 1060 1140 multis
1083 1106 1195 1140 oculis
1218 1107 1392 1140 oculatam

507 1162 663 1196 Nuncius
686 1162 837 1200 advenit,
863 1162 922 1204 qui
945 1167 1117 1195 secretum
1141 1160 1313 1206 patefecit

506 1217 617 1260 Regis
640 1216 799 1249 Heinrici
825 1216 884 1259 qui
907 1226 1034 1258 papam
1057 1215 1198 1248 tradere
1221 1213 1317 1248 dicit.

509 1270 588 1303 Hoc
610 1269 671 1302 ubi
695 1270 859 1313 cognovit
881 1269 1036 1312 prudens
1059 1268 1155 1308 hera,
1178 1279 1260 1301 mox
1284 1269 1354 1301 cito
1379 1267 1486 1300 movit

510 1324 626 1367 Seque
649 1333 741 1362 suos,
763 1323 873 1356 fortes
895 1322 1003 1365 peciit
1026 1332 1105 1355 cum
1128 1321 1264 1365 presule
1287 1327 1443 1358 montes;

507 1377 657 1410 Insidiae
681 1377 816 1410 fractae
840 1376 932 1420 regis
955 1382 1034 1409 sunt
1058 1382 1091 1408 et
1113 1376 1329 1418 patefactae3

505 1431 650 1475 Papam,
672 1430 881 1469 Mathildim,
905 1440 967 1462 rex
991 1429 1133 1463 ulterius
1156 1439 1270 1472 neque
1294 1429 1391 1462 vidit.

507 1485 702 1518 Pontifices
726 1484 804 1516 falsi
828 1490 908 1516 sunt
931 1494 974 1516 ex
998 1485 1066 1516 hoc
1091 1483 1282 1523 laetificati,

506 1538 657 1572 Maxime
680 1538 895 1580 prescriptus
918 1536 1118 1575 Guibertus,
1141 1537 1202 1580 qui
1225 1535 1324 1570 dedit
1346 1537 1438 1569 istud

510 1591 725 1625 Conscilium
746 1591 835 1635 regi,
859 1591 942 1634 qnia
964 1590 1039 1623 vult
1062 1590 1230 1623 invadere
1253 1590 1351 1623 Petri

508 1645 636 1679 Sedem
661 1645 886 1689 condignam,
909 1644 1021 1678 zabuli
1045 1644 1140 1688 quod
1162 1643 1246 1690 fecit
1269 1644 1315 1677 ad
1337 1642 1468 1682 instar‚'

508 1699 694 1732 Etheream
717 1699 836 1732 sedem
860 1697 972 1741 cupiit
994 1698 1054 1742 qui
1077 1697 1201 1731 tollere
1222 1704 1322 1731 teter.

508 1753 678 1787 Lubricus
702 1758 737 1786 et
760 1752 910 1786 mendax
934 1758 1008 1786 erat
1029 1752 1094 1785 iste
1119 1751 1308 1785 Guibertus
1332 1751 1511 1790 aberrans,

508 1807 678 1840 Conscius
701 1812 736 1839 et
759 1816 902 1839 consors
924 1805 1176 1838 homicidarum
1203 1815 1342 1849 quoque
1366 1805 1498 1843 §auton

509 1860 674 1903 Pompam
699 1860 908 1892 mundanam
931 1859 1009 1902 plus
1032 1859 1107 1902 ipso
1131 1859 1244 1892 nullus
1269 1858 1421 1897 amabat:

507 1913 708 1958 Relligione
733 1919 830 1946 caret
852 1914 915 1952 sic,
939 1913 1035 1956 quod
1058 1923 1125 1946 nec
1149 1923 1226 1945 eam
1249 1913 1315 1945 scit
1337 1923 1475 1951 amare;

511 1967 614 2000 Hunc
638 1978 700 2000 rex
721 1977 785 2009 pro
808 1977 901 2011 papa
925 1966 1079 2005 laudans,
1103 1967 1196 1999 hunc
1222 1965 1488 2010 magnificabam

510 2020 613 2054 Ultra
636 2021 694 2064 qui
716 2026 853 2053 montes
876 2020 981 2053 rediit
1003 2020 1140 2052 faciens
1162 2020 1254 2052 mala
1277 2026 1423 2062 promte,

511 2073 681 2118 Quaeque
706 2074 860 2107 nefanda
884 2073 1003 2111 libent,
1026 2079 1100 2106 tute
1124 2073 1279 2106 faciebat
1301 2073 1432 2117 inique.

511 2128 601 2162 Nam
623 2138 703 2160 suus
727 2133 880 2167 exactor,
903 2127 1019 2166 iudex,
1044 2127 1152 2160 falsus
1176 2137 1315 2170 quoque
1338 2133 1468 2169 pastor,

510 2181 592 2214 Non
614 2180 895 2224 reprehendebat
919 2180 1076 2214 crudelia
1099 2191 1188 2224 quae
1212 2180 1378 2214 faciebat.

509 2235 713 2269 Aecclesias
735 2234 882 2267 nummis
905 2233 1080 2268 vendebat
1103 2233 1223 2268 sedulo
1246 2234 1379 2272 multitu

1068 2349 1193 2373 ramente
1212 2355 1269 2373 una
1289 2348 1493 2381 supposizione
1513 2348 1541 2372 di
1562 2348 1598 2372 D.

1138 2399 1165 2416 v.
1185 2389 1250 2423 151)
1275 2391 1381 2420 Zabuli,
1407 2391 1500 2415 forma
1526 2391 1653 2416 corrotta
1676 2397 1724 2422 per
1750 2389 1861 2417 diabuli,
1887 2395 1965 2413 come

71 2431 74 2432 ⁷
115 2431 179 2466 7⁶6)
196 2435 301 2459 mirare
321 2441 336 2458 a
354 2433 488 2458 chiudere
507 2440 524 2457 a
543 2432 686 2466 Gregorio
706 2433 733 2458 la
753 2433 801 2458 via
814 2433 846 2458 di
860 2432 1012 2458 Germania

30 2484 37 2507 g
67 2503 70 2504 ⁷
115 2482 195 2501 come
212 2476 248 2502 ad
267 2477 407 2501 arrestare
425 2476 452 2500 la
470 2477 565 2500 scorta
590 2476 634 2500 del
661 2475 788 2509 principi
815 2475 866 2500 che
890 2476 914 2500 il
939 2483 1013 2508 papa

4 2522 6 2540 ἔ
62 2510 76 2538 Ῠ“
116 2517 254 2543 insutum
273 2526 289 2543 a
308 2518 448 2543 chiedere.
486 2518 533 2542 Ma
553 2519 595 2542 sia
615 2518 692 2542 neila
711 2518 814 2543 lettera
833 2517 863 2542 di
884 2518 1013 2543 febbraio

32 2557 37 2591 ζ
115 2559 166 2585 che
185 2561 215 2585 in
235 2561 329 2593 quella
348 2561 392 2585 del
414 2567 445 2593 31
467 2561 592 2593 maggio,
610 2567 688 2585 come
708 2568 776 2594 pure
795 2560 872 2585 nella
893 2561 1012 2585 motiva-

33 2595 69 2630 ἕῖζ
116 2601 199 2627 sione
217 2603 293 2628 della
313 2602 436 2627 seconda
455 2602 620 2627 scomunica
639 2601 667 2635 (7
686 2610 784 2627 marzo
800 2601 876 2633 1080,
891 2603 978 2628 Const.
992 2602 1012 2633 1,

118 2648 177 2677 557,
196 2652 210 2669 e
231 2645 302 2677 Reg.
328 2645 420 2677 Greg„
441 2644 515 2673 VIII,
536 2643 581 2676 21)
607 2643 750 2677 Gregorio
777 2651 834 2669 non
855 2651 979 2669 accenna
999 2652 1014 2669 a

32 2679 35 2714 .’
53 2685 66 2701 ”
117 2688 217 2719 questo
242 2689 374 2720 agguato,
400 2687 436 2711 da
461 2687 613 2712 attribuire
636 2688 779 2718 pluttosto
803 2688 832 2712 ai
855 2688 971 2712 vescovi
1001 2696 1015 2711 e

28 2751 31 2753 .
48 2758 65 2762 Ἰ
118 2729 168 2754 che
186 2727 253 2762 pote
271 2737 361 2754 essere
379 2729 572 2762 immaginato
591 2729 783 2762 sun’esempio
808 2729 883 2754 della
903 2731 1016 2754 cattura

9 2770 10 2773 ’
29 2779 39 2795 5
63 2781 69 2791 ι4
119 2769 165 2794 del
183 2770 257 2795 card.
277 2769 410 2795 Ostiense
429 2769 555 2796 Geraldo
573 2777 588 2795 e
607 2770 651 2795 del
673 2777 795 2795 vescovo
821 2770 960 2795 Anselmo
980 2771 1016 2795 da

51 2816 61 2826 ¹⁷
115 2810 210 2837 Lucca
232 2812 306 2838 fatta
325 2812 373 2837 dal
394 2819 517 2838 vescovo
538 2812 727 2844 imperialista
746 2813 883 2838 Dionisio
903 2813 931 2837 di
952 2813 1015 2838 Pia-

120 2860 211 2879 cenza.

44 2923 45 2926 ,
207 2905 254 2922 vv.
273 2895 374 2930 13⁰·33)
401 2898 541 2923 Commune
566 2897 731 2929 colloquium.
754 2905 791 2922 un
812 2904 962 2930 convegno
986 2899 1015 2922 di

6 2956 7 2959 η
34 2929 94 2974 {2315
122 2939 236 2963 vescovi
255 2946 271 2964 e
289 2941 415 2973 principi
438 2939 571 2969 italiani3
589 2937 690 2972 percht-
715 2939 863 2969 Mantova,
883 2947 942 2965 non
967 2948 1015 2965 an-

32 2975 34 2978 ’
118 2986 192 3006 cort
206 2981 307 3006 ribelle
331 2989 346 3006 a
370 2981 502 3012 Matssde,
519 2983 637 3006 temesse
656 2981 685 3006 di
705 2989 795 3006 essere
814 2984 976 3015 sottoposta
989 2983 1017 3007 al

119 3022 230 3053 placito.
250 3024 326 3048 osuia
344 3031 361 3048 a
380 3031 418 3048 un
438 3023 568 3056 gludlzlo
588 3031 646 3049 non
672 3025 821 3058 sappiamo
840 3032 885 3049 ma
904 3023 918 3050 ὲ
938 3025 1016 3049 chia-

1066 2442 1163 2458 zacono
1181 2441 1231 2467 per
1249 2434 1360 2459 diacono
1386 2434 1417 2458 in
1443 2440 1500 2458 una
1528 2433 1681 2458 iscrizione
1701 2433 1839 2456 cristiana
1860 2432 1964 2455 antica.

1066 2475 1148 2500 Mun.

1156 2527 1203 2543 vv.
1222 2519 1349 2550 157-166)
1375 2517 1516 2543 Guiberto
1543 2519 1574 2543 su
1594 2518 1683 2542 eletto
1702 2524 1774 2550 papa
1796 2517 1841 2541 nel
1864 2515 1931 2540 1080
1949 2523 1965 2539 a

1067 2561 1250 2591 Bressanone‚
1272 2568 1330 2585 non
1346 2561 1390 2585 nel
1413 2566 1493 2593 1077:
1513 2559 1558 2585 εἰὸ
1573 2561 1622 2585 che
1636 2561 1683 2592 qui
1697 2558 1712 2584 ὲ
1725 2560 1805 2584 detto
1825 2559 1855 2583 di
1874 2559 1915 2583 lui
1930 2559 1965 2583 da

1067 2603 1102 2627 D.
1115 2601 1130 2627 ὲ
1144 2602 1312 2635 anticipato.
1350 2602 1400 2627 Sul
1421 2604 1563 2635 contegno
1584 2603 1628 2627 dei
1651 2603 1765 2627 vescovi
1790 2601 1932 2626 lombardi
1951 2608 1966 2625 e

1069 2645 1142 2669 sulla
1161 2646 1264 2670 azione
1289 2645 1339 2669 che
1357 2645 1488 2670 doveano
1514 2644 1664 2670 esercitare
1684 2645 1727 2669 sul
1748 2652 1776 2668 re
1795 2644 1821 2668 ci
1841 2644 1966 2668 informa

1069 2686 1212 2719 Gregorio
1243 2685 1394 2719 “Cumque
1424 2687 1680 2720 Langobardorum
1708 2687 1846 2719 episcopi,
1873 2687 1966 2710 totius

1071 2729 1083 2742 ¹¹
1095 2729 1209 2762 negocii
1223 2736 1361 2754 summam
1375 2730 1409 2754 ad
1424 2737 1601 2754 communem
1615 2730 1790 2754 conventum
1803 2730 1832 2753 et
1846 2729 1967 2762 pruden-

1072 2771 1153 2795 “tiae
1174 2772 1282 2796 vestrae
1308 2771 1552 2796 consultationem
1566 2773 1751 2796 *reservatam
1774 2778 1841 2800 esse,
1862 2778 1966 2804 cogno-

1072 2812 1085 2825 “
1097 2815 1215 2842 scerent,
1236 2821 1286 2838 nec
1306 2814 1339 2838 de
1358 2815 1417 2839 suis
1438 2815 1530 2847 culpis
1549 2822 1581 2839 ea
1601 2821 1684 2847 quarn
1704 2814 1856 2846 sperabant
1876 2815 1967 2846 impu-

1072 2855 1086 2868 α
1098 2857 1188 2880 nitate
1217 2856 1428 2882 absolutionem
1459 2858 1594 2889 consequi
1628 2858 1801 2890 potuIssent,
1833 2857 1966 2888 quantam

1073 2898 1259 2930 “superblam
1285 2901 1464 2931 quantosque
1483 2900 1615 2924 maliciae
1643 2901 1762 2924 conatus
1789 2901 1889 2924 contra
1914 2907 1967 2924 nos

1073 2940 1190 2965 “adorsi
1205 2943 1280 2970 sunt,
1293 2941 1329 2966 ad
1343 2941 1493 2966 dicendum
1513 2942 1627 2973 quidem
1642 2943 1733 2972 triste,
1746 2943 1780 2967 ad
1795 2942 1967 2967 audiendum

1074 2982 1140 3007 “est
1158 2982 1373 3008 abhominabile
1386 2984 1439 3008 etc.
1450 3002 1463 3015 η
1486 2983 1612 3015 (Lettera
1630 2984 1658 3008 ai
1672 2984 1798 3017 principi
1819 2984 1895 3009 della
1914 2984 1968 3009 fine

1071 3025 1099 3049 di
1122 3024 1250 3050 sebbi-aio
1272 3023 1360 3057 1077).
1393 3024 1492 3058 μικτὰ,
1512 3026 1580 3050 Bibl.
1600 3034 1655 3051 rer.
1682 3026 1780 3057 Germ„
1798 3027 1834 3059 11,
1855 3032 1913 3059 545.

1993 2442 2028 2461 20

2047 691 2067 708 c.
2079 690 2128 709 51²1

2052 1657 2072 1673 c.
2085 1656 2135 1675 52r

1994 2655 2026 2682 ²5

1994 2865 2030 2891 30
