2288 3476
25 263 26 267 ,
70 206 73 221 ³
97 232 136 260 A.
157 233 344 266 loos-1115]
609 226 861 262 HISTORIA
888 225 1321 262 MEDIOLANENSIS
1834 225 1880 260 25

22 358 24 371 ²
70 365 73 394 ξ
107 357 334 400 discipulatus
355 357 516 390 Urbanus
538 368 630 400 papa
653 357 823 401 synodum
847 357 1024 390 Placentie
1049 357 1256 395 celebravit3
1281 363 1386 400 atque
1411 358 1454 390 de
1478 356 1620 390 Frantia
1646 356 1883 390 Mediolanum

68 408 82 438 ᾎ
99 410 178 444 ivit
191 410 212 444 ¹.
258 411 297 443 In
314 421 382 454 qua
399 411 539 444 civitate
555 421 633 443 cum
649 411 724 454 ipse
741 421 831 453 papa
854 417 960 444 staret
975 411 1009 443 in
1026 412 1161 454 pulpito
1178 416 1296 443 sancte
1320 411 1431 454 Tegle
1448 410 1470 452 ²,
1493 411 1659 443 immense
1677 409 1884 443 multitudini

34 477 35 481 ¹
72 464 225 496 ·minum
249 464 425 508 utriusque
456 473 556 496 sexus
587 464 793 506 predicavit,
818 471 852 497 et
875 464 1090 506 predicando
1115 464 1158 496 de
1181 475 1243 496 sua
1271 474 1397 507 magna
1419 464 1590 506 sapientia
1613 463 1766 506 protulit,
1790 461 1884 505 quod

83 526 90 545 ι’
105 517 207 549 'mus
229 517 413 550 clericulus
436 518 480 551 de
504 517 652 550 ecclesia
674 518 739 550 Dei
756 524 807 550 est
829 518 939 561 major
955 517 1110 561 quolibet
1130 527 1213 561 rege
1237 517 1384 550 mortali.
1429 517 1552 550 Adidit
1575 518 1689 555 etiam,
1704 517 1798 561 quod
1814 516 1884 548 cle-

18 604 19 615 ,
126 576 161 603 et
175 571 375 604 sacerdotes
391 582 455 613 per
477 571 678 614 peccuniam
694 571 730 603 in
746 571 912 604 ecclesias
927 582 997 603 non
1020 577 1098 603 sunt
1119 571 1377 609 introducendi,
1393 572 1456 604 sed
1470 581 1534 614 per
1549 571 1755 604 electionem
1773 570 1883 603 homi-

72 628 140 662 'm,
163 624 221 667 qui
250 629 328 656 sunt
359 624 583 656 ecclesiarum
612 624 732 657 vicini.
778 624 831 656 De
862 623 986 667 quibus
1016 624 1218 666 apostolicis
1245 624 1347 657 dictis
1379 624 1527 657 clericus
1549 624 1615 656 iste
1647 623 1822 662 Nazarius,
1846 623 1883 654 in

115 678 187 710 -ιιίο
218 668 433 710 acutissimus
456 683 490 710 et
520 678 694 710 Muricula
725 678 999 721 cognominatus,
1030 688 1163 720 pennas
1194 677 1368 719 asumpsit,
1397 683 1501 720 atque
1533 678 1577 710 de
1601 677 1728 710 solario
1751 688 1813 709 suo
1837 676 1881 708 ad

69 742 72 750 2
94 730 235 763 clesiam
259 731 369 762 sancti
395 730 514 763 Babile
536 732 716 774 sanctique
740 731 902 769 Romani,
926 741 992 774 que
1016 730 1204 774 antiquitus
1219 730 1348 763 dicitur
1370 730 1545 763 Conscilia
1568 730 1786 769 Sanctorum,
1810 731 1883 761 sine

55 778 212 823 5411&
227 783 435 816 sacerdotali
451 783 658 816 auctoritate
681 783 820 816 volavit.
867 784 911 816 Et
926 783 1043 816 habito
1067 784 1189 815 favore
1206 783 1300 826 vulgi
1317 783 1408 816 illius
1425 783 1618 822 vicinitatis,
1642 784 1690 817 ibi
1714 783 1883 815 habitavit

58 861 63 879 5
101 847 227 869 novum
251 836 483 869 habitaculum
505 836 707 870 hedificavit
724 837 873 880 expulsis
888 837 971 870 inde
994 835 1234 870 sacerdotibus
1250 842 1284 869 et
1299 837 1449 876 clericis,
1467 837 1639 869 consuetis
1654 836 1783 869 servire
1799 835 1885 878 ipsis

68 901 76 914 s
115 889 221 922 lesiis.
268 889 325 922 Ad
347 890 542 934 hujusmodi
567 890 760 932 exemplum
784 889 940 928 Albinus,
956 890 1058 923 homo
1075 890 1120 922 de
1136 890 1312 932 Magenta‚
1336 897 1371 922 et
1385 890 1561 933 Johannes
1586 889 1737 923 Aculeus
1760 890 1803 922 de
1819 889 1880 922 Vi-

72 943 284 981 merchato,
308 949 343 975 et
364 943 570 986 Mayfredus
593 944 637 975 de
660 942 798 981 Limidi,
828 943 984 976 homines
1006 943 1159 976 illiterati
1182 949 1216 975 et
1239 943 1378 981 intonsi,
1403 953 1443 976 ac
1466 943 1583 985 plures
1607 943 1729 975 urbani
1754 948 1787 975 et
1810 942 1884 984 ple-

84 994 167 1028 ‘ani
190 1006 260 1028 non
284 995 452 1028 habentes
481 995 728 1034 sufficientiam,
759 1001 944 1039 sequentes
975 996 1123 1038 partium
1146 996 1239 1039 vulgi
1266 996 1435 1028 clamores
1458 1002 1494 1028 et
1517 995 1646 1034 laudes,
1670 995 1885 1027 intraverunt

93 1048 232 1086 clesias;
257 1048 425 1081 beneficia
448 1059 591 1091 quarum
614 1054 842 1090 susceperunt
866 1055 899 1080 et
923 1048 1111 1081 inordinati
1133 1049 1370 1090 possederunt,
1394 1048 1507 1080 donec
1530 1047 1699 1080 Arnulfus
1723 1048 1766 1080 de
1782 1043 1884 1090 porta

82 1101 252 1143 orientali,
269 1107 351 1134 tunc
367 1101 534 1143 temporis
557 1099 677 1134 senex'
692 1101 966 1134 Mediolanensis
988 1101 1281 1144 archiepiscopus,
1304 1101 1341 1133 in
1364 1101 1562 1134 Clavatensi
1585 1101 1792 1134 monasterio
1817 1101 1883 1133 fuit

48 1152 52 1159 ¹
86 1154 203 1197 pultus
215 1156 238 1186 ⁸.
285 1155 337 1187 De
354 1161 472 1187 cetero
488 1155 668 1197 predictus
690 1153 858 1186 Nazarius
873 1164 951 1187 cum
975 1164 1034 1186 sue
1051 1154 1275 1186 connexionis
1290 1154 1391 1186 turba
1406 1154 1483 1186 fere
1499 1155 1741 1198 quodcumque
1766 1153 1884 1190 voluit,

58 1223 62 1233 ι
104 1208 190 1241 itin
223 1207 481 1240 Mediolanensi
512 1207 662 1240 ecclesia
684 1213 719 1239 et
749 1208 784 1239 in
809 1207 925 1240 Saona
952 1207 1105 1240 civitate.
1151 1207 1192 1239 In
1222 1206 1477 1240 Mediolanensi
1510 1218 1656 1250 namque
1689 1207 1884 1239 sublimavit

46 1282 48 1285 >
78 1262 246 1294 nselmum
269 1262 314 1293 de
332 1261 413 1293 Buis
425 1261 447 1299 ⁴,
472 1261 644 1293 hominem
660 1261 861 1303 simplicem,
877 1261 913 1293 in
930 1260 1248 1303 archiepiscopum3
1273 1261 1332 1303 qui
1348 1260 1546 1293 sublimatus
1562 1260 1738 1299 Albinum,
1754 1261 1883 1304 Johan-

43 1310 59 1342 ἰ
78 1326 124 1347 m
149 1314 319 1348 Aculeum
336 1320 372 1347 et
387 1320 522 1347 ceteros
538 1314 582 1346 de
599 1313 700 1346 turba
724 1314 951 1347 connexionis
966 1313 1105 1346 Nazarii
1121 1324 1182 1346 sua
1199 1314 1401 1346 auctoritate
1424 1315 1460 1346 in
1477 1315 1634 1347 ecclesiis
1657 1314 1883 1351 confirmavit,

45 1377 230 1411 psumque
255 1368 439 1400 Nazarium
462 1373 497 1400 et
520 1367 747 1400 Grosulanum
771 1367 816 1400 ad
840 1377 960 1400 omnes
983 1367 1245 1400 ecclesiasticos
1267 1367 1408 1399 ordines
1430 1367 1602 1410 promovit
1625 1373 1658 1399 et
1681 1368 1882 1400 sacerdotes

42 1434 49 1449 1:
85 1421 145 1454 cit.
190 1420 360 1454 Nazarius
382 1430 464 1454 vero
486 1421 573 1463 ipse,
596 1419 768 1463 presbiter
790 1421 914 1459 factus,
937 1431 1006 1452 una
1029 1431 1107 1452 cum
1131 1420 1325 1463 presbitero
1349 1421 1483 1464 Johane
1507 1420 1651 1459 Aculeo,
1676 1421 1764 1452 sicut
1779 1431 1882 1463 supra

24 1467 28 1484 ²
65 1474 179 1518 gitur,
203 1475 240 1506 in
263 1473 380 1507 Saona
403 1474 510 1517 elegit
540 1473 767 1506 Grosulanum
792 1473 828 1505 in
851 1474 1064 1516 episcopum,
1089 1480 1123 1506 et
1148 1472 1313 1512 Anselmi,
1337 1474 1387 1507 sui
1412 1473 1630 1512 ordinatoris,
1655 1474 1821 1506 vicarium
1846 1480 1880 1506 et

33 1554 36 1559 .
60 1537 268 1561 cessorem.
314 1526 478 1560 Preterea
499 1527 622 1571 legem,
645 1537 748 1570 quam
763 1526 935 1569 presbiter
957 1527 1154 1570 Liprandus
1170 1527 1255 1559 fecit
1271 1526 1449 1560 adversus'
1467 1527 1707 1565 Grosulanum,
1722 1528 1788 1559 iste
1804 1537 1882 1569 pre—-

28 1586 152 1627 μοι·
177 1580 346 1613 Nazarius
377 1580 596 1622 contempsit-3
629 1580 766 1612 domum
797 1590 936 1623 quoque
960 1580 1063 1624 hujus
1093 1580 1275 1622 presbiteri
1306 1580 1474 1623 Liprandi
1506 1580 1673 1622 expoliari
1705 1581 1880 1623 cognovit.

24 1639 191 1678 yropter
214 1645 314 1677 quam
339 1634 606 1676 expoliationem
631 1633 753 1666 Petrus
776 1633 986 1672 Pazananus,
1018 1634 1119 1666 homo
1144 1634 1188 1666 de
1212 1633 1371 1667 doctrina
1394 1634 1495 1678 hujus
1526 1634 1708 1676 presbiteri
1733 1634 1882 1671 Nazarii‚

36 1686 181 1720 ccisus
199 1687 273 1720 tuit.
291 1687 521 1720 Grosulanum
537 1696 620 1719 vero
637 1687 768 1719 restitui
791 1686 826 1719 in
842 1687 1001 1720 Romana
1016 1687 1139 1720 sinodo
1153 1687 1258 1730 ydem
1274 1687 1445 1729 presbiter
1470 1687 1636 1719 Nazarius
1652 1697 1730 1719 cum
1753 1687 1880 1730 gaudio

54 1740 141 1779 'dit‚
157 1745 193 1772 et
209 1740 319 1783 ipsum
335 1740 528 1772 restitutum
551 1739 713 1782 suscepit,
730 1739 830 1783 eique
847 1740 934 1772 sicut
957 1740 1131 1773 catholico
1147 1751 1209 1772 suo
1233 1741 1499 1783 archiepiscopo
1515 1751 1578 1783 per
1593 1741 1756 1773 undecim
1773 1749 1883 1773 annos

42 1787 187 1827 bedire
203 1793 361 1838 cognitus
375 1793 441 1826 fuit
453 1792 475 1825 ⁵.
513 1793 671 1826 Tandem
695 1793 806 1835 ipsum
830 1793 1071 1832 Grosulanum,
1088 1794 1182 1836 quod
1197 1794 1448 1826 Yerosolimam
1465 1794 1757 1838 peregrinantem,
1774 1794 1883 1836 depo-

41 1853 45 1866 ³
61 1847 124 1886 uit,
147 1853 183 1879 et
205 1847 408 1880 Yordanum
430 1847 474 1879 de
499 1857 558 1878 sue
584 1846 819 1885 connexionis,
843 1847 878 1878 in
901 1846 1200 1889 archiepiscopum
1226 1846 1342 1890 elegit.
1388 1847 1492 1879 Unde
1516 1847 1672 1891 contigit,
1689 1848 1783 1889 quod
1806 1848 1881 1890 ipse

86 1899 214 1932 esbiter
241 1899 420 1939 Nazarius,
451 1899 679 1942 exprobratus
703 1910 723 1932 a
746 1899 816 1932 suis
840 1900 976 1938 vicinis,
1000 1911 1094 1932 suam
1124 1900 1307 1933 ecclesiam
1339 1900 1476 1939 dimisit,
1501 1907 1535 1933 et
1558 1912 1621 1943 per
1645 1900 1881 1933 auctoritatem

39 1941 43 1950 ’
38 1963 230 1993 μηνοτιιω
251 1953 428 1985 hominum
452 1958 487 1985 et
508 1953 676 1991 Yordani‚
701 1963 788 1996 quos
809 1954 897 1997 juste
921 1959 1004 1985 tunc
1027 1954 1210 1986 causabam
1236 1959 1270 1985 et
1293 1963 1408 1992 causo,
1425 1964 1479 1986 res
1503 1959 1539 1986 et
1561 1954 1746 1986 ecclesiam
1770 1964 1881 1985 meam

29 2007 42 2038 'Ji
68 2007 238 2049 surpavit:
269 2012 304 2038 et
333 2006 530 2048 usurpando
561 2006 692 2038 invenit
722 2005 876 2044 cilitium,
908 2006 1003 2049 quod
1033 2007 1198 2049 magister
1229 2013 1263 2039 et
1293 2008 1484 2040 avunculus
1515 2018 1610 2039 meus
1640 2007 1786 2038 inlesum
1818 2018 1882 2049 per

20 2103 22 2106 Ι
89 2070 160 2092 uem
183 2060 438 2102 transportavit,
455 2071 474 2092 a
491 2059 588 2092 trabe
613 2060 761 2092 ecclesie
787 2059 906 2092 Sancti
930 2060 1030 2092 Pauli
1053 2061 1290 2102 deponeretur
1305 2066 1341 2093 et
1356 2060 1586 2103 ignominiose
1612 2066 1881 2093 consumeretur.

79 2123 164 2146 aceo
187 2113 305 2152 multa,
328 2124 395 2157 que
410 2113 486 2156 ipse
508 2112 680 2155 presbiter
704 2113 874 2145 Nazarius
896 2113 966 2157 egit
981 2113 1026 2145 ad
1043 2113 1107 2146 mei
1132 2114 1319 2156 dampnum
1342 2124 1522 2156 meamque
1545 2114 1703 2146 iniuriam
1727 2121 1761 2147 et
1784 2115 1882 2158 igno-

54 2166 199 2203 iniam;
225 2166 383 2210 dicoque,
408 2167 501 2209 quod
524 2172 602 2208 post
625 2172 806 2209 acceptam
831 2166 1038 2210 dignitatem
1061 2167 1315 2209 primiceriatus
1331 2179 1350 2199 a
1366 2167 1545 2206 Yordano,
1569 2168 1669 2211 hujus
1691 2168 1881 2210 primicerii

35 2219 228 2252 ‘audentia
252 2225 384 2264 tantum
407 2219 526 2259 valuit,
542 2220 637 2262 quod
653 2220 751 2252 furor
766 2230 938 2252 armorum
954 2220 1045 2252 inter
1061 2220 1313 2253 Grosulanistas
1328 2226 1363 2253 et
1378 2221 1609 2253 Yordanistas
1625 2221 1784 2254 cessavit.
1823 2221 1882 2254 Ad

18 2237 227 2330 ζῶεειεεὶεω
250 2258 378 2306 Sancte
401 2272 525 2316 Tegle,
548 2273 584 2305 in
607 2283 676 2316 qua
698 2272 767 2306 fuit
790 2273 1008 2306 conversatio
1032 2279 1067 2306 et
1083 2274 1158 2305 finis
1181 2274 1403 2316 precedentis
1426 2273 1568 2306 Andree
1593 2274 1791 2317 primicerii,
1816 2275 1881 2307 ivit

15 2314 79 2359 ’ἔτι
101 2325 136 2358 in
161 2335 202 2358 ea
224 2325 391 2358 habitavit
414 2336 594 2369 meamque
619 2325 758 2358 dimisit.
804 2327 1051 2359 Verumtamen
1075 2333 1167 2366 tunc,
1185 2338 1263 2359 cum
1287 2337 1398 2359 meam
1422 2327 1563 2366 dimisit,
1587 2327 1741 2367 alteram,
1765 2328 1803 2360 id
1827 2334 1879 2360 est

16 2367 219 2450 {Andream
243 2378 466 2423 Sugaliolam‚
489 2379 565 2421 ipse
587 2390 657 2411 una
679 2390 757 2412 cum
780 2380 948 2413 Yordano
972 2380 1087 2412 eidem
1110 2390 1186 2412 mee
1210 2380 1360 2413 ecclesie
1383 2380 1528 2413 intrusit.

133 2503 176 2530 34.
195 2496 296 2522 xxlx.
313 2495 455 2521 Paschazis
472 2499 547 2528 papa
564 2496 716 2528 Iordanum
733 2497 878 2529 confirmat,
896 2497 1089 2523 Grossulanum
1107 2497 1222 2529 deponit,
1240 2497 1287 2529 qui
1305 2499 1363 2530 post
1382 2505 1484 2523 annum
1503 2498 1534 2522 in
1551 2498 1637 2523 Roma
1655 2499 1766 2523 moritur

132 2584 157 2610 6.
179 2579 205 2609 Ε
223 2584 372 2617 preteribile
390 2584 418 2610 la
435 2585 532 2610 lenone
549 2585 578 2610 di
595 2585 621 2609 R
640 2593 657 2610 a
673 2585 760 2618 quella
778 2586 845 2618 degli
864 2586 926 2611 altri
945 2587 994 2611 due
1013 2587 1084 2611 codd.
1103 2587 1193 2611 clerus
1209 2600 1238 2604 —
1254 2586 1278 2611 8.
1291 2587 1317 2611 R
1335 2586 1370 2611 ha
1381 2587 1456 2612 sicut
1467 2587 1554 2612 inveco
1568 2587 1596 2612 di
1610 2589 1671 2612 sine
1684 2601 1717 2606 —
1733 2595 1775 2612 ιι.
1788 2596 1879 2612 exem-

12 2619 136 2671 ζριυιη]
155 2627 352 2660 expulsionem
377 2627 403 2651 R
423 2641 453 2646 —-
483 2627 694 2660 12.illiterati}
719 2628 730 2652 i
754 2628 826 2653 codd.
851 2628 940 2653 hanno
965 2629 1088 2658 literati;
1115 2628 1137 2653 il
1160 2630 1270 2654 contestu
1287 2629 1352 2661 pert>
1371 2629 1515 2661 suggerisoe
1534 2629 1561 2654 la
1579 2630 1722 2654 conatione
1743 2644 1772 2648 α-
1797 2638 1838 2663 33
1864 2638 1880 2655 a

12 2662 135 2702 §flu-abe]
155 2668 177 2694 il
194 2669 275 2694 Sass1
294 2671 379 2701 pensa
395 2669 496 2695 daversi
514 2669 642 2701 integrare
661 2677 710 2695 con
729 2672 813 2695 iusslt
830 2672 862 2696 ut
882 2683 914 2690 -—
940 2670 982 2703 36
1002 2669 1088 2705 inter]
1107 2672 1118 2696 i
1136 2671 1209 2696 codd.
1228 2671 1317 2696 hanno
1334 2671 1540 2704 semplicementc
1560 2672 1589 2696 in
1616 2687 1636 2690 —
1662 2671 1705 2704 38.
1726 2671 1880 2705 meamque]

16 2717 159 2750 Unumque
177 2709 222 2736 nei
239 2710 312 2736 codd.

128 2797 136 2814 ¹
156 2799 272 2824 Urbano
291 2799 318 2823 11
342 2799 452 2824 celebro
477 2800 500 2824 il
527 2800 653 2824 concilio
678 2808 694 2825 a
719 2801 858 2826 Placenza
883 2801 930 2826 nel
1073 2799 1084 2817 ³
1104 2801 1150 2826 Cf.
1170 2810 1197 2826 n.
1217 2808 1232 2826 ²
1252 2809 1349 2835 sopra;
1370 2804 1440 2827 nota
1459 2807 1473 2834 5
1494 2802 1534 2836 (p.
1554 2804 1590 2835 3).

11 2837 241 2873 }'1095,quindi
263 2843 286 2866 si
306 2840 391 2874 porto
405 2842 436 2866 ln
450 2841 572 2867 Francia
585 2850 601 2866 a
614 2842 710 2874 quello
724 2843 754 2867 dl
767 2843 931 2868 Clermont·
1070 2844 1081 2861 ⁴
1101 2844 1238 2868 Anselmo
1257 2845 1296 2868 IV
1315 2845 1344 2868 di
1363 2845 1482 2870 Bovisio
1505 2845 1533 2869 fu
1553 2846 1720 2869 consacrato
1742 2845 1763 2868 il
1790 2853 1804 2878 3
1825 2852 1877 2869 no-

7 2883 26 2918 ζ’
39 2882 175 2909 Fen-and.
210 2884 249 2908 Dl
269 2884 382 2908 ritorno
402 2885 431 2908 fu
450 2892 466 2908 a
484 2884 595 2909 Mllano
616 2887 660 2909 nei
681 2887 749 2910 mesi
770 2887 930 2911 settembre·
984 2886 1094 2911 vembre
1117 2891 1181 2918 1097
1201 2893 1216 2910 e
1235 2884 1308 2911 morl
1327 2894 1343 2911 a
1363 2885 1599 2919 costantinopoli
1621 2887 1641 2911 il
1667 2893 1702 2919 30
1726 2887 1876 2912 settembre

15 2926 154 2952 ottobre
172 2927 217 2950 del
240 2926 315 2958 1096.
353 2926 398 2951 Cf.
413 2926 514 2959 JAFm‘Q
533 2927 594 2959 Reg.
613 2928 646 2953 P.
664 2927 706 2957 R„
726 2935 803 2952 anno
826 2927 1050 2960 1096.1101
1073 2927 1123 2958 (cf.
1143 2930 1212 2953 nota
1231 2936 1246 2960 3
1266 2936 1294 2960 p.
1313 2928 1349 2960 4).

126 2966 138 2983 ¹
157 2966 210 2992 Piu
230 2970 354 2993 corretto
375 2968 495 2994 Theclae.
531 2968 640 2998 Quindi
668 2971 714 2994 nei
740 2971 808 2995 mesi
835 2971 929 3000 estlvi,
1071 2969 1082 2984 ⁵
1100 2971 1267 2996 veramente
1288 2979 1344 2996 non
1371 2979 1457 2996 erano
1483 2978 1608 3004 neppure
1633 2971 1771 3003 compluti
1800 2971 1875 2996 dieei

8 3009 152 3047 Uquando
173 3011 199 3035 si
217 3010 347 3036 ufficiava
367 3011 397 3035 in
418 3011 506 3036 Santa
525 3011 619 3038 Tecla.
982 3014 1061 3044 anni,
1081 3014 1200 3038 essendo
1220 3015 1295 3038 stato
1314 3014 1404 3038 eletto
1425 3013 1470 3038 nel
1490 3013 1581 3046 luglio
1603 3020 1678 3038 110².

1905 2935 1935 2961 ¹5

1946 1110 2022 1133 Mun„
2036 1110 2077 1133 498

1959 1544 1977 1557 ι·.
1994 1538 2043 1558 8611
