2288 3476
771 219 1109 256 PREF'AZIONE
1704 217 1859 254 XXXV

51 294 1862 302 ...................................................................................................................................................................................................

61 344 185 380 omnia
213 344 376 380 docebat
403 356 486 380 eam
514 344 614 392 quod
641 345 774 380 timore
803 344 863 380 dei
892 345 1024 392 iugiter
1050 350 1149 380 casta
1185 349 1308 380 mente
1337 350 1373 380 et
1409 354 1566 391 corpore
1594 348 1858 390 perseveraret.

62 411 164 446 Nam
191 409 314 446 audivi
342 411 413 446 dici
443 411 543 457 quod
572 411 757 447 domicelli
787 412 967 459 quierant
994 411 1130 458 antiqui
1158 410 1372 447 assistebant
1399 410 1479 455 sibi,
1508 411 1640 446 timens
1668 408 1858 445 lasciviam

2 500 36 518 ,,-
62 477 247 522 iuvenum,
285 477 499 514 domicellas
527 483 564 514 et
599 478 772 514 honestas
809 483 845 514 et
879 478 1071 514 timoratas
1107 478 1268 514 habebat
1302 478 1395 513 inter
1422 488 1510 524 quas
1538 477 1605 512 fuit
1642 487 1711 512 una
1739 482 1862 512 sancta

45 543 167 590 ·virgo
186 554 257 590 que
284 543 381 579 iacet
400 545 554 580 Mantue
572 544 713 591 sepulta
731 545 795 580 sub
826 545 1116 580 confessionibus
1144 544 1301 580 ecclesie
1329 544 1476 579 maioris
1505 542 1551 579 de
1579 544 1754 580 Mantua:
1784 543 1861 589 ipsa

48 614 118 646 ‘est
146 610 359 646 canonizata
388 616 426 646 et
454 610 575 646 multis
603 610 731 647 claruit
758 612 941 647 miraculis
957 637 991 658 „.
1047 611 1121 651 Qui
1142 613 1161 646 ὲ
1182 611 1306 647 chiaro
1336 611 1403 647 che
1442 610 1596 646 l’autore
1626 610 1814 656 attingeva
1842 620 1863 644 a

36 678 112 712 'itte
141 676 245 721 fonti,
274 677 370 711 forse
398 677 469 712 alla
496 678 571 714 vita
591 676 628 712 di
647 677 685 713 S.
704 678 898 723 Anselmo,
919 690 978 712 ma
996 679 1060 726 piu
1078 678 1200 714 avanti
1219 679 1249 713 si
1267 683 1379 714 tratta
1408 677 1442 713 di
1472 689 1597 713 nuovo
1625 677 1663 713 di
1681 677 1862 723 interpre-

34 741 46 753 “
64 761 65 764 ¹
81 743 153 778 ‘oni
181 743 364 790 personali
392 744 452 780 del
481 749 577 780 testo
605 745 795 780 n'assunto.

110 810 198 846 Cosi
227 810 364 846 Odone
392 810 429 845 di
457 810 633 856 Tulliore,
673 811 856 846 chiamato
885 811 920 846 in
949 823 1124 848 soccorso
1161 811 1208 847 da
1244 812 1423 847 Ghiberto
1451 810 1488 859 (e
1518 823 1592 846 non
1628 810 1675 846 da
1701 810 1859 846 Urbano

30 887 128 920 nme
159 882 439 913 erroneamente
477 876 613 913 dicono
641 877 675 913 le
705 877 794 912 altre
832 876 1002 925 epitomi)
1031 879 1051 912 ὲ
1080 877 1184 913 detto
1213 877 1249 911 di
1279 878 1422 922 Parma,
1461 882 1564 913 certo
1603 876 1863 914 deducendolo

37 930 57 973 ἰ
81 942 115 978 le
142 943 270 990 parole
298 943 336 978 di
362 944 569 988 Donizone,
600 942 663 992 (cf.
693 956 728 979 v.
759 944 850 990 320)
879 944 947 979 che
976 945 1014 979 lo
1042 943 1125 980 dice
1154 944 1235 980 solo
1263 944 1454 992 prudente.
1511 943 1671 980 Matilde
1703 944 1801 980 tiene
1828 944 1864 979 la

28 1008 151 1052 ¹Padi
177 1014 328 1045 stratam
355 1010 407 1045 ita
434 1009 534 1057 quod
563 1010 678 1045 nullus
706 1015 851 1056 poterat
870 1011 1020 1046 transire
1048 1011 1116 1045 nisi
1135 1022 1200 1057 per
1220 1022 1346 1046 manus
1374 1011 1568 1047 Comitisse
1586 1037 1620 1058 „,
1648 1010 1672 1045 il
1693 1010 1761 1046 che
1789 1022 1864 1046 non

46 1073 79 1115 ,ie
97 1075 135 1110 in
162 1076 358 1112 Donizone
385 1076 438 1122 (v.
467 1074 573 1124 335).

16 1126 37 1184 ’,ι’
108 1141 356 1178 Gravemente
385 1142 540 1179 alterato
569 1146 589 1180 ὲ
619 1143 817 1190 l'episodio
837 1143 874 1179 di
894 1143 1070 1179 Sorbara:
1091 1143 1275 1180 l'esercito
1295 1144 1485 1190 imperiale
1514 1145 1534 1178 ὲ
1562 1144 1721 1180 formato
1748 1143 1763 1162 “
1781 1156 1865 1180 cum

42 1197 188 1258 {magna
216 1209 359 1246 millitia
386 1210 433 1245 de
462 1210 638 1245 universis
666 1210 807 1246 ellectis
835 1222 900 1257 per
917 1217 1035 1247 totam
1062 1211 1204 1247 Italiam
1222 1223 1307 1246 curn
1325 1210 1468 1246 duobus
1497 1211 1720 1258 principibus
1747 1210 1865 1247 silicet

16 1271 24 1319 ,ἕ
38 1270 54 1328 ’
59 1276 169 1312 Celso
197 1281 234 1312 et
261 1277 406 1312 Orbeto
424 1301 458 1323 „.
513 1276 552 1312 Si
580 1276 761 1323 potrebbe
789 1288 943 1324 pensare
972 1289 992 1312 a
1012 1276 1169 1325 qualche
1196 1278 1298 1313 fonte
1327 1276 1472 1313 diversa
1501 1277 1548 1313 da
1576 1278 1784 1323 Donizone,
1804 1288 1865 1312 ma

16 1337 59 1375 'r
87 1354 170 1378 rore
198 1343 305 1379 finale
334 1343 492 1379 tradisce
529 1343 699 1390 l'origine
737 1343 774 1379 di
810 1350 936 1392 queste
975 1344 1126 1380 notizie:
1164 1345 1360 1380 Donizone
1398 1344 1499 1380 dice:
1545 1344 1742 1391 “principe
1780 1357 1865 1380 cum

17 1395 159 1460 {celso
188 1410 354 1456 prudenti
383 1421 529 1456 prorsus
558 1410 702 1446 Oberto
720 1440 734 1458 „
770 1409 822 1460 (ν.
853 1409 958 1458 340).
1014 1411 1158 1447 Oberto
1187 1413 1207 1446 ὲ
1227 1411 1404 1447 divenuto
1433 1410 1590 1456 Orbeto,
1610 1423 1630 1446 e
1649 1411 1865 1458 l’aggettivo

89 1488 109 1511 0
136 1488 184 1512 un
212 1477 306 1512 altro
335 1477 582 1512 condottiero.

20 1524 54 1598 '45‘
109 1543 182 1584 Qui
210 1543 238 1578 si
266 1543 381 1579 rivela
408 1544 467 1590 gia
495 1543 529 1578 la
557 1544 736 1580 tendenza
771 1545 835 1592 poi
863 1545 1099 1591 sviluppatasi
1138 1544 1175 1579 di
1203 1545 1278 1580 fare
1308 1544 1344 1580 di
1372 1544 1532 1581 Matilde
1560 1556 1630 1580 una
1667 1556 1864 1581 amazzonc

20 1596 215 1663 &ariera-
271 1609 428 1646 Matilde
455 1610 567 1657 guida
595 1622 674 1647 essa
701 1616 813 1647 stessa
840 1612 850 1645 i
880 1611 1014 1647 soldati
1042 1611 1271 1648 all'attacco:
1307 1611 1485 1648 “Nobilis
1514 1612 1711 1647 Comitissa
1738 1623 1864 1647 accer-

22 1667 128 1715 sita
154 1682 263 1724 gente
291 1688 354 1713 sua
381 1678 420 1713 in
447 1677 597 1725 propria
625 1689 781 1724 persona
809 1678 969 1714 secunda
997 1678 1057 1715 die
1076 1679 1154 1714 iulii
1183 1685 1220 1716 et
1238 1679 1532 1726 appropinquans
1559 1679 1717 1714 inimicis
1745 1680 1864 1715 oravit

22 1717 107 1793 lſj‘nd
133 1743 324 1779 dominum
351 1745 526 1780 invocans
552 1744 758 1791 specialiter
785 1750 927 1791 patrem
955 1750 992 1780 et
1019 1751 1214 1792 patronum
1241 1758 1346 1781 suum
1381 1746 1531 1781 beatum
1567 1746 1730 1790 Petrum,
1767 1744 1864 1793 quod

52 1819 73 1855 ἢ,
90 1821 207 1846 usam
242 1810 400 1847 ecclesie
438 1822 507 1856 pro
542 1821 614 1858 qua
649 1811 835 1858 pugnabat
871 1812 1073 1847 adiuvaret.
1128 1812 1177 1848 Et
1204 1824 1294 1848 ecce
1322 1824 1471 1858 surgens
1508 1813 1554 1847 ab
1592 1813 1758 1848 oratione
1794 1816 1875 1847 tota

34 1875 182 1912 ‘llaris
209 1882 246 1912 et
273 1877 433 1924 spetiosa
461 1876 640 1924 disposito
669 1878 833 1914 exercitu
869 1889 936 1914 suo
972 1877 1145 1915 audacter
1181 1878 1367 1926 agreditur
1393 1879 1563 1914 inimicos
1599 1884 1635 1914 et
1672 1879 1732 1915 dei
1760 1883 1867 1914 aucta

49 2147 63 2180 ,ᾎ
91 2142 151 2179 ole
178 2149 366 2179 mostrano
385 2143 462 2179 =che
493 2144 513 2178 ὲ
541 2155 685 2191 sempre
712 2144 910 2180 Donizone
940 2145 975 2180 la
1009 2145 1131 2191 fonte3
1168 2158 1228 2181 ma
1257 2145 1374 2193 questi
1412 2146 1511 2181 nulla
1546 2157 1585 2180 sa
1619 2144 1868 2180 dell'eroismo

47 2232 53 2248 .-
90 2209 245 2246 Matilde,
281 2209 316 2257 (e
344 2221 418 2245 non
453 2209 643 2246 l’avrebbe
680 2212 818 2247 taciuto
835 2208 867 2261 1)
904 2223 1011 2248 come
1040 2224 1172 2248 nessun
1208 2212 1302 2248 altro
1339 2217 1667 2259 contemporaneo.
1722 2203 1755 2248 Ε
1782 2223 1868 2258 pro-

2 2279 4 2286 *
53 2276 246 2314 'wilmente
265 2289 336 2312 una
354 2277 577 2314 esaltazione
597 2279 780 2324 suggerita
799 2277 977 2315 dall’aver
995 2279 1170 2315 srainteso
1189 2278 1213 2314 il
1232 2289 1359 2315 verso:
1386 2279 1401 2296 “
1416 2281 1516 2315 Ecce
1538 2285 1689 2326 repente
1708 2278 1867 2325 phalanx

35 2354 80 2405 534}-
109 2343 254 2380 athildis
281 2343 402 2380 adest:
432 2343 555 2389 Petre‚
593 2344 755 2380 clamans
779 2345 784 2391 Ι
809 2345 1002 2381 Auxiliare
1030 2346 1100 2381 tuis
1116 2372 1150 2392 „.
1205 2345 1361 2393 Espulsa
1390 2346 1438 2381 da
1466 2346 1659 2390 Mantova,
1697 2345 1867 2390 Matilde,

9 2434 11 2437 .
37 2399 81 2475 {3-
91 2420 136 2445 ue
154 2410 289 2446 furiosa
308 2416 397 2455 erat,
419 2411 516 2457 cepit
535 2410 754 2447 Mantuanos
782 2423 939 2458 gravare
959 2417 996 2448 et
1016 2423 1143 2447 eorum
1164 2413 1260 2448 bona
1280 2412 1333 2447 eis
1352 2412 1464 2447 mallo
1482 2411 1598 2448 modo
1618 2412 1797 2458 accipere,
1816 2412 1867 2447 ita

38 2477 160 2542 μυοά
187 2476 330 2513 nobiles
362 2482 399 2513 et
428 2477 501 2513 allii
542 2478 649 2514 valde
687 2478 860 2515 dolebant
897 2478 944 2514 de
981 2490 1028 2514 eo
1063 2478 1162 2528 quod
1200 2480 1364 2515 fecerant
1400 2485 1437 2515 et
1466 2479 1599 2514 merito
1635 2478 1868 2525 patiebantur

10 2540 11 2545 ¹
40 2541 191 2596 'ftpote
219 2544 279 2591 qui
300 2542 359 2578 dei
389 2543 579 2580 cultricem
606 2544 838 2592 expullerant
865 2551 902 2581 et
937 2546 1128 2581 inimicum
1155 2546 1215 2582 dei
1252 2550 1471 2592 acceperant
1491 2571 1524 2591 „.
1581 2544 1721 2584 Questa
1751 2546 1771 2580 ὲ
1799 2556 1869 2580 una

40 2588 89 2660 {12
110 2610 321 2646 ormazione
341 2609 607 2647 dell'invettiva
626 2611 664 2646 di
684 2612 880 2648 Donizone
901 2619 1032 2648 contro
1053 2612 1232 2648 Mantova
1261 2613 1358 2659 (cap.
1381 2613 1442 2659 V).
1500 2613 1705 2659 Cosi'poco
1724 2611 1824 2658 dopo
1844 2614 1864 2647 ὲ

100 2675 388 2713 elloticamente
418 2678 598 2724 precisata
618 2678 652 2712 la
670 2679 790 2714 forma
811 2677 868 2715 del
889 2678 1111 2715 tradimento
1132 2678 1168 2714 di
1187 2679 1274 2725 Ugo
1293 2679 1353 2715 del
1376 2678 1519 2723 Mauso,
1539 2678 1576 2713 in
1596 2678 1711 2714 modo
1731 2690 1867 2714 oscuro

8 2743 11 2754 '
44 2727 224 2808 {cunata
250 2743 296 2779 da
327 2744 519 2779 Donizone
550 2742 650 2792 (cap.
680 2745 764 2790 V1):
793 2745 881 2791 Ugo
918 2746 933 2764 “
950 2757 1035 2781 cum
1054 2746 1214 2780 venisset
1243 2745 1289 2780 ad
1317 2746 1441 2781 locum
1471 2745 1532 2780 ubi
1559 2757 1626 2780 rex
1654 2750 1743 2790 erat,
1773 2744 1866 2781 dixit

3 2812 12 2823 ''
110 2821 147 2847 m
172 2811 284 2846 sociis
311 2809 412 2858 quod
439 2810 596 2846 libenter
614 2812 724 2846 sciret
743 2810 788 2847 de
815 2812 1019 2848 intentione
1047 2812 1142 2859 regis
1151 2821 1161 2856 ;
1182 2813 1242 2859 qui
1263 2824 1347 2847 cum
1374 2813 1558 2847 annuisset
1586 2811 1868 2858 parlamentatus

2 2878 14 2891 ”
46 2879 122 2936 lt
149 2889 232 2913 cum
258 2887 361 2923 rege:
392 2888 458 2912 rex
485 2882 608 2912 autem
635 2877 753 2913 sciens
781 2890 865 2913 eum
892 2878 1003 2914 talem
1032 2879 1107 2925 egit
1135 2890 1217 2914 cum
1246 2890 1292 2914 eo
1321 2886 1360 2915 ut
1387 2878 1528 2914 diceret
1557 2878 1868 2914 commilitonibus

54 2942 138 2979 ἐ
165 2942 264 2991 quod
291 2955 359 2979 rex
385 2955 458 2978 non
493 2942 707 2979 intendebat
736 2954 917 2990 pugnare:
948 2956 1104 2992 cumque
1141 2945 1274 2980 milites
1301 2944 1451 2980 domine
1481 2944 1643 2980 Matildis
1675 2945 1867 2981 crederent
