2288 3476
338 222 351 257 1
362 223 409 258 20
955 223 1190 259 EPITOME
1218 223 1555 260 POLIRONESE

1126 428 1230 462 CAP.
1255 429 1351 462 VIII.

647 508 702 541 De
722 511 808 552 pace
822 508 927 552 sacta
949 512 1016 552 per
1041 508 1251 541 Comitissam
1274 510 1365 542 inter
1387 511 1633 553 imperatorem
1657 515 1691 543 et
1710 515 1853 555 papam.

419 605 503 639 Post
526 612 670 638 mortem
702 606 818 648 itaque
851 606 971 639 matris
1001 606 1184 639 Comitisse
1214 607 1405 645 Mathildis‚
1436 607 1652 642 discurrente
1683 609 1776 641 fama
1798 620 1862 651 per
1895 609 2023 651 orbem,
2054 620 2174 654 regem
2201 626 2203 631 .

331 660 522 692 Henricum
546 659 646 691 huius
669 659 819 691 nominis
843 659 903 697 IV,
927 659 1138 692 Ildebrando
1163 660 1402 693 consentiente
1426 661 1484 704 qui
1500 667 1534 693 et
1551 661 1740 705 Gregorius
1763 661 1842 702 VII,
1867 673 1946 695 cum
1969 662 2037 695 suis
2059 663 2175 697 fauto·
2194 668 2196 671 ’

329 712 423 744 ribus
446 712 548 753 (anno
572 711 726 745 eiusdem
750 712 894 745 Henrici
910 712 1078 756 vigesimo
1093 713 1215 755 primo,
1232 714 1291 756 qui
1307 714 1374 746 fuit
1398 725 1452 746 an.
1477 714 1570 747 dom.
1593 714 1817 757 MLXXVII)
1841 726 1862 748 a
1884 715 2004 748 matris
2025 715 2176 750 ecclesie
2196 731 2205 742 ν

328 770 447 798 sancte
470 765 601 808 gremio
625 771 855 809 segregatum,
887 771 922 797 et
952 765 1114 798 Alemani
1146 767 1312 809 precipue
1344 767 1463 806 duces,
1493 767 1628 800 scilicet
1658 768 1877 806 Bertholdus,
1904 768 2114 812 Rodulphus
2139 774 2174 803 et
2200 795 2205 806 2

328 818 470 857 Vuelfo,
494 829 571 850 cum
595 818 711 851 multis
742 818 923 852 comitibus
945 824 981 851 et
1004 819 1178 862 episeopis
1202 819 1246 852 ab
1270 820 1344 852 eius
1366 831 1403 853 se
1426 826 1563 853 traxere
1588 821 1775 859 consortio,
1799 832 1876 854 eum
1899 822 2008 854 multa
2029 821 2176 855 infamia
2205 819 2208 834 ⁵
2249 823 2250 826 ’

329 871 551 908 denotantem
579 872 674 914 quod
703 871 892 914 imperator
922 882 1116 915 agnoscens
1141 873 1187 905 ad
1211 873 1453 905 consobrinam
1484 884 1579 906 suam
1611 872 1818 906 Mathildam
1849 873 2066 908 Comitissam
2096 875 2176 908 iuu-
2204 910 2206 912 ,

329 929 432 956 strem
458 924 595 957 nuntios
618 924 757 964 direxit,
774 931 811 957 ut
825 925 900 967 ipsa
916 925 1097 957 consilium
1122 925 1329 968 exquireret,
1352 931 1497 969 propter
1520 926 1614 969 quod
1629 937 1720 969 papa
1742 926 1992 961 Lombardiam
2009 937 2176 971 propera-

328 983 391 1016 ret,
407 978 612 1020 promittens
627 977 831 1011 satisfacere
849 979 893 1011 de
910 978 1075 1011 comissis,
1106 978 1321 1011 Procurante
1337 979 1442 1024 igitur
1458 980 1581 1012 eadem
1604 979 1787 1012 Comitissa
1818 991 1910 1023 papa
1932 979 2176 1014 Lombardiam
2251 1017 2254 1026 Χ

329 1030 422 1062 venit
446 1040 592 1073 eumque
615 1031 651 1063 in
676 1031 829 1064 Canossa
853 1031 958 1074 opido
982 1032 1104 1064 eadem
1128 1032 1313 1065 Comitissa
1336 1033 1526 1066 honorifice
1542 1032 1705 1075 suscepit,
1721 1033 1781 1066 ubi
1796 1034 1985 1076 imperator
2001 1033 2177 1067 Hem-icus
2213 1036 2215 1038 ’
2250 1027 2254 1034 ’

330 1084 440 1117 affuit.
495 1084 534 1116 In
567 1085 764 1126 praesentia
793 1085 901 1128 igitur
932 1086 1175 1128 episcoporum
1207 1091 1240 1117 et
1270 1086 1477 1128 principum,
1509 1086 1598 1119 inter
1627 1097 1716 1130 quos
1750 1093 1826 1119 erat
1855 1086 2065 1120 venerabilis
2093 1087 2175 1132 Ugo
2252 1121 2256 1131 .

330 1137 569 1170 Cluniacensis
600 1137 717 1180 abbas,
748 1138 967 1181 imperatoris
997 1138 1143 1170 Henrici
1173 1139 1210 1170 in
1241 1138 1380 1172 lavacro
1411 1145 1522 1181 pater,
1555 1140 1599 1172 de
1629 1150 1717 1182 pace
1749 1139 1973 1173 tractabatur.
2019 1139 2177 1184 Cumque
2213 1143 2215 1146 ’
2253 1134 2256 1146 ²

328 1190 438 1223 tribus
461 1191 527 1223 iam
551 1201 655 1234 super
686 1191 740 1223 his
763 1192 917 1224 decursis
939 1191 1070 1230 diebus,
1100 1191 1231 1224 nullum
1255 1193 1354 1234 pacis
1377 1197 1542 1225 tractatus
1571 1193 1753 1225 sortiretur
1784 1193 1961 1233 effectum,
1990 1193 2177 1236 imperator
2215 1230 2217 1234 .

329 1243 491 1277 abbatem
513 1244 675 1288 Ugonem
698 1244 877 1277 humiliter
901 1246 1109 1288 deprecatus
1134 1251 1195 1284 est,
1218 1250 1256 1277 ut
1278 1245 1343 1278 sibi
1367 1255 1431 1288 pro
1454 1255 1543 1287 pace
1559 1245 1737 1278 fideiussor
1760 1246 1896 1286 existat,
1920 1245 2015 1289 quod
2030 1245 2090 1279 ille
2112 1245 2178 1279 sibi
2215 1251 2217 1254 '

330 1308 400 1330 non
431 1297 538 1331 licere
569 1299 793 1341 respondens,
825 1305 939 1331 astans
970 1298 1154 1331 Comitissa
1184 1309 1249 1341 pro
1276 1298 1483 1341 imperatore
1515 1310 1639 1342 preces
1661 1299 1865 1344 ingeminat.
1913 1299 1979 1332 Cui
2004 1306 2040 1332 et
2071 1298 2179 1333 abbas
2205 1328 2219 1338 ,⁸
2255 1294 2257 1298 ⁴

330 1351 406 1394 ipse
436 1351 632 1394 respondit:
662 1351 677 1368 “
691 1352 747 1384 Tu
769 1352 844 1384 sola
866 1358 966 1394 potes
989 1353 1058 1384 hoc
1082 1352 1205 1396 exequi
1219 1364 1255 1391 „3
1279 1358 1361 1384 tunc
1385 1353 1532 1395 supplex
1546 1353 1736 1395 imperator
1752 1352 2043 1396 consanguineam
2065 1357 2177 1396 rogat,
2212 1390 2214 1394 ¹
2256 1379 2258 1391 2

329 1411 368 1438 ut
390 1416 432 1438 ea
453 1405 692 1438 intercedente
716 1416 737 1437 a
759 1406 918 1438 Romano
942 1406 1112 1438 Pontifice
1137 1405 1416 1438 benedictionem
1433 1406 1607 1449 suscipere
1623 1412 1806 1444 mereatur,
1830 1407 1924 1449 quod
1946 1416 1983 1439 se
2005 1407 2178 1439 facturam
2256 1403 2258 1410 '

328 1458 484 1502 pollicite
509 1459 623 1491 statim
646 1458 692 1491 ad
715 1459 893 1492 Summum
917 1453 1124 1492 Pontificem
1154 1458 1248 1498 abiit,
1278 1469 1424 1502 eumque
1448 1460 1653 1502 suppliciter
1683 1459 1843 1498 allocuta,
1873 1460 2014 1492 tandem
2043 1459 2176 1493 annuit.

332 1511 491 1545 Credidit
513 1512 628 1545 verbis
650 1512 735 1556 ejus,
759 1512 929 1556 petiitque
952 1518 991 1545 ut
1012 1512 1078 1545 sibi
1101 1518 1136 1544 et
1158 1512 1318 1545 Ecclesie
1335 1512 1494 1545 Romane
1518 1512 1561 1545 ab
1576 1513 1653 1555 ipso
1668 1513 1877 1555 imperatore
1893 1512 2073 1546 fidelitatis
2088 1513 2178 1546 iura·
2211 1528 2219 1538 ιλ
2258 1551 2259 1554 ,

329 1572 483 1598 mentum
514 1571 696 1608 prestetur.
742 1566 937 1608 Imperator
958 1566 1075 1610 itaque
1100 1567 1145 1598 ad
1167 1567 1400 1608 praesentiam
1427 1576 1517 1608 pape
1549 1566 1650 1599 nudis
1680 1566 1828 1609 pedibus
1857 1577 1961 1609 super
1989 1566 2118 1605 nivem,
2142 1572 2178 1600 et
2224 1577 2225 1580 ’
2258 1562 2260 1578 ³

329 1619 477 1663 glaciem
508 1619 679 1652 incedens
709 1619 815 1657 venit,
839 1626 874 1652 et
904 1620 939 1651 in
970 1620 1110 1652 modum
1142 1618 1275 1659 Crucis,
1299 1630 1335 1651 se
1360 1620 1395 1651 in
1425 1626 1554 1652 terram
1578 1625 1659 1652 ante
1682 1619 1790 1662 pedes
1819 1619 1999 1653 Pontificis
2028 1620 2176 1653 iactans:
2226 1640 2229 1649 ›

334 1673 349 1689 ‘⁴
363 1673 485 1712 Parce,
507 1672 648 1716 “inquit
659 1696 690 1713 „,
707 1672 909 1706 Beatissime
926 1672 1043 1712 Pater,
1059 1683 1166 1716 parce
1180 1697 1211 1712 „.
1256 1673 1365 1706 Cuius
1380 1683 1472 1716 papa
1494 1673 1699 1716 praesentia,
1722 1674 1944 1706 miseratione
1967 1678 2091 1713 motus,
2115 1672 2176 1706 be-

327 1726 473 1764 nedixit,
497 1732 532 1759 et
555 1726 601 1759 ad
623 1727 721 1769 pacis
745 1727 899 1759 osculum
924 1727 1075 1764 admisit,
1098 1727 1269 1770 missaque
1293 1727 1493 1759 solemniter
1516 1727 1710 1766 decantata,
1732 1727 1911 1769 Corporis,
1934 1732 1969 1760 et
1993 1726 2178 1772 Sanguinis
2229 1723 2231 1725 ’
2258 1748 2261 1756 η

330 1780 469 1813 Domini
493 1780 600 1813 nostri
622 1781 701 1813 Iesu
724 1780 854 1814 Christi
870 1780 908 1813 in
924 1781 1032 1823 pacis,
1050 1786 1084 1813 et
1107 1781 1319 1814 concordiae
1343 1781 1478 1824 signum
1495 1792 1573 1813 eum
1590 1780 1678 1813 fecit
1701 1780 1944 1814 communione
1967 1774 2176 1824 participem
2221 1797 2231 1807 n

331 1845 410 1867 eum
433 1841 468 1867 et
496 1835 533 1867 in
557 1845 674 1867 arcem
697 1835 908 1867 Canusinam
931 1845 1007 1867 eum
1033 1835 1179 1867 deduxit
1201 1834 1405 1868 mirabiliter
1436 1835 1649 1867 colletantes.
1696 1834 1826 1878 Sicque
1853 1833 2025 1868 Mathilde
2055 1844 2181 1878 magna

331 1888 518 1931 prudentia
541 1888 757 1920 consolidata
773 1895 852 1920 sunt
866 1888 956 1921 inter
978 1888 1233 1931 imperatorem,
1250 1893 1286 1921 et
1300 1899 1427 1931 papam
1443 1888 1541 1931 pacis
1557 1888 1690 1928 federa,
1706 1888 1823 1921 invitis
1839 1894 1952 1920 tamen
1969 1887 2178 1931 quibusdam

331 1941 516 1985 episcopis,
541 1946 576 1973 et
598 1942 634 1973 in
657 1941 717 1974 lite
740 1941 967 1980 manentibus,
991 1952 1054 1984 pro
1078 1948 1116 1974 ut
1138 1941 1382 1985 subsequentia
1405 1941 1643 1975 declarabunt.

2261 1988 2265 2016 ἲ

1159 2078 1262 2112 CAP.
1285 2080 1348 2112 1x.
2241 2038 2266 2135 ’ἐξ

329 2161 492 2203 Qualiter
514 2161 621 2204 Papa
643 2165 676 2194 et
700 2159 878 2194 Comitissa
900 2160 1121 2204 imperatoris
1135 2160 1215 2202 fide
1237 2164 1367 2192 mutata
1389 2160 1531 2192 insidias
1554 2163 1740 2201 evaserunt,
1757 2164 1792 2191 et
1812 2159 1887 2198 sibi,
1910 2163 1946 2191 et
1965 2159 2034 2191 suis
2057 2133 2267 2230 adver-313¹}

419 2215 490 2247 sati
508 2219 594 2247 sunt.
2240 2219 2268 2265 Ἴ

418 2311 502 2346 Post
525 2312 590 2345 hec
612 2313 801 2355 imperator
824 2323 915 2354 papa
931 2312 1070 2345 dimisso
1086 2312 1123 2344 in
1147 2310 1279 2355 oppido
1303 2311 1496 2345 Canussino
1520 2311 1670 2354 Regium
1695 2311 1857 2353 perrexit,
1881 2321 1984 2355 quam
2007 2310 2179 2343 civitatem

331 2365 474 2410 quidam
498 2364 801 2408 depopulabantur
823 2364 990 2407 episcopi,
1012 2364 1179 2398 videlicet
1199 2364 1417 2403 Mutinensis,
1443 2363 1698 2402 Cremonensis,
1716 2370 1750 2396 et
1766 2363 2004 2402 Bononiensis,
2030 2363 2075 2396 de
2091 2373 2180 2406 pace

327 2420 418 2452 inter
448 2429 585 2462 papam,
621 2424 655 2451 et
688 2419 930 2461 imperatorem
963 2418 1147 2460 plurimum
1178 2423 1382 2450 metuentes.
1428 2417 1491 2449 His
1521 2423 1596 2450 erat
1627 2424 1747 2450 auctor
1782 2416 1971 2450 Guibertus
2005 2415 2178 2459 archiepi-
2242 2447 2255 2459 „

333 2483 459 2515 scopus
481 2472 734 2511 Ravennensis,
757 2471 901 2504 natione
923 2471 1130 2509 Parmensis,
1146 2471 1201 2503 vir
1215 2471 1350 2509 nobilis,
1366 2477 1400 2503 et
1417 2476 1562 2508 astutus3
1580 2470 1639 2503 hic
1657 2476 1770 2503 autem
1788 2470 2012 2512 Imperatoris
2026 2475 2178 2502 mentem
2201 2471 2221 2503 3
2247 2495 2250 2499 .

332 2527 422 2558 adeo
445 2525 614 2568 pervertit
637 2536 657 2557 a
680 2535 782 2567 papa,
806 2530 843 2556 ut
865 2523 911 2557 de
934 2523 1032 2566 pacis
1056 2524 1307 2566 compositione
1331 2524 1490 2566 penitens
1505 2534 1631 2566 papam
1655 2523 1859 2566 conceperit
1882 2523 2069 2565 captivare.
2114 2521 2181 2554 Die
2246 2518 2248 2521 ’

329 2580 434 2622 igitur
457 2584 554 2611 sexto
578 2589 622 2611 ex
645 2588 714 2621 quo
738 2578 943 2611 discesserat
966 2587 986 2610 a
1009 2587 1100 2620 papa
1116 2577 1344 2610 Bibianellum
1368 2577 1547 2615 remeavit,
1571 2577 1617 2609 ad
1639 2586 1742 2619 quem
1770 2587 1871 2619 papa,
1895 2575 2091 2608 descedens
2112 2584 2179 2608 nec

331 2642 401 2664 non
425 2636 460 2664 et
482 2630 677 2664 Comitissa:
701 2630 806 2673 petiit
827 2629 1017 2673 imperator
1041 2640 1118 2662 cum
1142 2629 1192 2663 eis
1222 2629 1433 2673 colloquium
1456 2629 1547 2662 ultra
1576 2629 1723 2668 Padum,
1747 2629 1842 2672 quod
1872 2633 2075 2667 annuentes,
2097 2627 2179 2661 dum

329 2684 507 2716 transisset
531 2683 733 2726 Imperator,
750 2684 853 2715 etiam
876 2683 942 2725 ipsi
964 2682 1110 2715 transire
1128 2683 1360 2722 contendunt,
1384 2688 1556 2724 concepte
1579 2682 1714 2714 fraudis
1738 2681 1860 2725 ignari.
1907 2681 2063 2723 Cumque
2085 2685 2180 2713 tran-

331 2737 464 2775 sissent,
488 2737 583 2769 venit
607 2737 651 2770 ad
678 2735 894 2769 comitissam
916 2736 1102 2778 insinuans,
1127 2746 1215 2778 quae
1237 2735 1404 2768 latebant.
1451 2735 1642 2767 Patefactis
1673 2735 1790 2777 itaque
1813 2734 1948 2767 insidiis
1978 2744 2070 2776 papa
2099 2743 2177 2767 cum
2201 2733 2245 2766 40

331 2788 515 2822 Comitissa
538 2790 582 2823 ad
599 2789 769 2832 oppidum
786 2789 904 2828 rediit,
920 2790 1174 2832 imperatorem,
1191 2788 1330 2821 minime
1353 2789 1537 2821 revisurus.
1583 2787 1660 2820 Hec
1683 2788 1866 2820 audientes
1890 2786 2044 2830 episcopi
2059 2782 2179 2829 supra-

332 2842 417 2876 dicti
439 2843 500 2876 leti
522 2849 602 2875 sunt
624 2842 757 2881 effecti,
781 2849 815 2875 et
837 2843 985 2875 maxime
1010 2842 1209 2881 Guibertus,
1234 2842 1292 2886 qui
1316 2842 1416 2874 huius
1439 2841 1617 2874 seditionis
1641 2847 1774 2880 auctor,
1797 2840 1923 2873 Sedem
1940 2839 2178 2882 Apostolicam

334 2901 457 2928 contra
473 2896 679 2940 Gregorium
701 2895 870 2929 invadere
893 2896 1084 2939 satagebat,
1108 2906 1210 2938 quem
1234 2895 1374 2928 tandem
1397 2895 1584 2937 imperator
1606 2894 1759 2926 laudavit
1781 2894 1817 2925 in
1840 2904 1977 2936 papam.
2016 2891 2179 2925 Seditiosi

333 2958 480 2991 namque
504 2949 683 2982 memorati
706 2950 865 2992 episcopi
888 2949 981 2992 apud
1005 2949 1158 2981 Brixiam
1182 2949 1442 2987 convenientes,
1473 2949 1585 2991 ipsum
1609 2947 1814 2980 Guibertum
1838 2947 1873 2978 in
1903 2956 2030 2989 papam
2062 2946 2178 2988 elege-
2253 2970 2261 2994 4

333 3007 424 3041 runt,
448 3002 663 3036 Clementem
688 3012 765 3035 eum
790 3008 967 3036 vocantes.
1014 3001 1128 3041 Quem
1151 3002 1369 3045 postmodum
1395 3002 1584 3044 imperator
1606 3011 1683 3033 cum
1708 3000 1837 3033 eisdem
1862 2999 1993 3032 ducens
2015 2998 2176 3038 Romam,
2200 2996 2268 3045 452¹
