2288 3476
335 549 402 576 ¹145

334 815 403 841 1150

333 1081 401 1108 1¹5⁵

107 329 430 338 ...................................

1984 382 2004 398 c.
2021 382 2069 402 ιον

448 374 533 408 Rite
556 374 772 419 gubernavit,
794 373 905 407 tenuit
928 373 1102 407 comitissa
1125 373 1277 406 Beatrix.

453 428 611 462 Moribus
633 428 669 460 in
692 426 848 471 pulchris
870 433 985 460 natam
1009 427 1152 460 nutrivit
1174 427 1219 461 ab
1242 427 1343 466 ulnis,

449 481 598 515 Scilicet
619 481 794 514 excelsam
817 480 1015 514 Mathildim
1039 486 1154 514 mente
1176 481 1378 520 modestam,

450 533 538 567 Bina
560 534 767 568 monasteria
791 544 869 567 cum
893 544 961 577 qua
983 533 1082 566 simul
1106 532 1217 567 edidit
1239 533 1327 577 ipsa,

452 587 502 620 Ut
524 592 663 621 tueatur
685 598 755 628 eas,
777 588 835 631 qui
859 587 946 620 caeli
970 587 1068 619 ducit
1089 582 1253 620 habenas.

446 640 702 674 Fraxinorense
724 641 980 679 monasterium,
1003 640 1152 683 primum
1176 640 1244 674 fuit
1265 640 1370 678 illud;

447 693 599 726 Praedia
620 694 728 726 multa
750 693 835 726 satis
859 693 956 726 dedit
978 693 1030 725 illi
1053 703 1177 737 magna
1200 693 1356 731 Beatrix3

446 747 530 780 Esse
555 746 637 789 quia
659 746 846 779 monachos
870 746 948 789 plus
971 756 1074 789 quam
1098 745 1246 779 clericos
1269 745 1486 778 venerandos

447 799 646 833 Credebant
670 799 803 838 ambae,
825 798 1021 832 Canusinae
1044 808 1185 842 quoque
1210 805 1351 832 sanctae

449 853 630 886 Ecclesiae
654 862 782 885 nomen
805 857 1024 886 mutaverunt
1047 858 1082 884 et
1104 852 1272 885 honorem

449 907 490 939 In
512 906 642 944 melius,
667 905 796 938 dudum
820 915 923 948 quam
947 905 1143 947 prepositus
1165 905 1231 937 fuit
1254 916 1341 937 unus

447 960 539 994 Usus
562 969 641 991 cum
665 958 768 991 cleris
789 968 861 990 non
883 958 920 990 ni
944 963 1074 990 tantum
1098 956 1270 991 duodenis

448 1012 630 1045 Deservire
654 1012 805 1056 quidem,
828 1021 920 1044 nunc
945 1010 1052 1044 abbas
1074 1011 1179 1044 servit
1202 1011 1330 1044 ibidem

447 1066 536 1099 Cum
557 1065 749 1104 monachis,
773 1065 910 1099 Christo
934 1064 1049 1097 multis
1072 1064 1320 1098 famulantibus
1344 1064 1416 1097 illo.

1953 643 2027 666 ΜυιιἸ
2044 643 2082 667 360

140 1910 168 1927 v·
185 1900 263 1935 1147)
279 1900 449 1926 Frasslnoro
469 1899 714 1932 nell’Appennino
734 1899 896 1924 modenesez
916 1900 946 1924 in

58 1935 188 1978 femoris.
201 1943 275 1969 delle
287 1950 336 1968 sue
356 1942 645 1972 tondatricl‚·l'abate
657 1942 721 1974 Ugo
734 1942 763 1967 di
777 1941 947 1966 Frnsslnoro

71 2002 73 2007 ι
124 1992 192 2018 1234
216 1986 278 2011 fece
302 1986 416 2018 copiare
440 1985 548 2017 l‘opera
576 1984 605 2008 di
629 1985 784 2009 Donizone
810 1985 896 2009 avuta
915 1984 946 2008 in

15 2024 17 2059 ς’
58 2028 72 2030 “
93 2029 176 2054 tito
195 2028 242 2053 dal
261 2029 424 2052 monastero
443 2026 474 2052 di
494 2026 623 2052 Canossa
641 2027 675 2051 ed
694 2025 709 2051 ὲ
731 2027 753 2051 ll
778 2026 878 2051 codice
898 2033 948 2050 ora

15 2067 16 2086 ³
52 2063 190 2102 ⁸Lueca,
207 2070 288 2095 detto
307 2070 391 2095 Liber
410 2069 620 2095 Comitissarum.
651 2069 686 2094 V.
711 2069 776 2094 Pre
787 2069 948 2094 fazione.

79 2115 81 2117 ’
96 2112 169 2138 Mur.
189 2113 301 2138 ricorda
319 2112 370 2137 che
389 2111 435 2136 nel
457 2112 612 2136 Bullarium
636 2111 787 2140 Castnense,
815 2111 948 2136 Constitu-

14 2162 15 2187 }
68 2152 151 2180 onum
172 2155 265 2185 CVII,
283 2154 314 2179 vl
332 2153 347 2179 ὲ
365 2161 423 2179 una
441 2154 604 2179 donazione
624 2154 652 2178 di
673 2154 800 2178 Beatrice
826 2153 853 2178 al
878 2160 947 2178 con-

48 2190 65 2222 }ss
90 2197 142 2221 nto
160 2195 190 2220 dl
210 2194 394 2220 Frasslnom:
412 2194 521 2219 lnoltre
539 2195 590 2219 che
608 2195 666 2227 egli
681 2201 749 2219 avea
762 2202 800 2219 un
820 2194 948 2226 diploma

42 2221 77 2263 ,1
103 2238 239 2264 Federico
258 2237 271 2262 1
290 2237 335 2263 del
356 2237 424 2270 1164
446 2239 476 2262 in
502 2239 547 2262 cui
573 2237 717 2270 prendeva
742 2238 819 2262 sotto
846 2238 873 2262 la
899 2245 948 2262 sua

48 2278 66 2311 ὲ,
89 2282 222 2306 otezione
241 2281 264 2304 il
282 2280 448 2306 Monastero
467 2280 496 2305 di
516 2280 542 2305 S.
562 2279 688 2306 Claudio
707 2280 738 2305 dl
752 2279 921 2305 Frassinoro
934 2288 949 2305 e

49 2318 157 2352 sabate
175 2321 355 2355 Gugllelmo:
375 2323 403 2347 al
424 2329 475 2347 suo
489 2324 585 2355 tempo
599 2330 657 2347 non
678 2323 709 2347 vl
721 2330 768 2347 era
782 2323 832 2347 che
845 2323 866 2347 il
879 2324 949 2347 tem-

49 2367 115 2396 1,-10,
131 2367 239 2390 mentre
258 2365 269 2390 1
287 2365 402 2390 castelli
419 2372 506 2390 erano
525 2366 594 2390 stati
614 2363 663 2398 gli
682 2366 813 2398 occupati
833 2365 879 2390 dal
893 2364 948 2390 Co·

54 2414 139 2432 une
157 2407 187 2431 dl
206 2406 330 2431 Modena
347 2413 363 2431 e
381 2405 408 2431 le
427 2406 539 2431 rendlte
557 2414 644 2431 erano
664 2407 736 2431 state
755 2408 902 2439 assegnate
920 2407 948 2431 al

50 2447 190 2482 ''-ollegIo
208 2449 339 2474 Romano
358 2449 405 2473 dei
422 2448 572 2474 Maronitl.
607 2448 687 2474 Mun.

52 2489 56 2492 '
143 2491 172 2516 A
190 2490 358 2516 Frassinoro
377 2491 408 2515 vi
426 2498 474 2515 era
493 2492 524 2515 in
543 2491 658 2522 origlne
676 2498 732 2515 una
752 2491 882 2524 cappella
907 2491 950 2515 di-

56 2546 60 2562 ι
99 2546 104 2555 ·
118 2534 196 2558 ·ente
214 2533 260 2558 dal
279 2534 443 2558 monastero
462 2533 491 2557 di
506 2532 642 2558 Polirone
655 2540 709 2558 con
722 2540 762 2557 un
775 2534 888 2565 ospizio
901 2540 950 2567 per

50 2571 71 2602 si
87 2576 249 2605 mandanti,
268 2575 388 2600 essendo
406 2575 480 2600 sulla
500 2576 548 2600 via
567 2574 602 2600 da
615 2575 738 2600 Modena
750 2575 808 2600 alla
818 2575 949 2600 Toscana

7 2615 9 2625 '⁴
55 2625 74 2643 ve
93 2618 170 2644 forse
188 2618 217 2643 vl
238 2618 335 2643 sacean
353 2619 441 2651 tappa
460 2618 470 2642 i
493 2618 620 2642 Canossa
639 2618 788 2643 recandosi
807 2618 853 2642 nel
878 2617 949 2642 Luc-

53 2660 148 2688 rheae.
182 2660 215 2685 In
235 2662 333 2692 questa
351 2661 448 2685 antica
467 2660 605 2685 funzlone
624 2659 671 2684 del
690 2660 776 2693 luogo
799 2661 842 2685 sta
861 2662 949 2685 certa-

44 2704 151 2728 mente
170 2703 198 2727 la
217 2703 335 2735 ragione
353 2702 399 2727 del
418 2703 550 2735 pensIero
570 2702 599 2727 di
618 2702 746 2726 Befltrlce
764 2702 793 2726 di
815 2702 950 2727 sondarvl

54 2743 98 2773 {un
117 2746 290 2775 monastero,
309 2752 325 2769 a
344 2745 388 2769 cui
409 2744 431 2769 11
452 2751 485 2776 29
504 2752 547 2778 ng.
570 2749 645 2775 1071,
659 2744 827 2768 ttovandosi
841 2751 857 2769 a
870 2744 950 2769 Fras-

51 2787 158 2813 ninoro
168 2794 221 2811 con
234 2787 376 2812 numerosi
389 2786 498 2819 giudici
509 2793 524 2811 e
537 2787 625 2818 conti,
640 2785 736 2819 regalo
749 2786 847 2812 dodlci
861 2788 933 2811 corti
944 2795 950 2811 ε

62 2826 260 2854 ‘monasterio
285 2829 359 2860 quod
384 2830 426 2853 est
450 2828 646 2853 edificaturum
676 2829 706 2852 in
735 2835 825 2853 onore
847 2830 898 2854 tuo
923 2830 951 2854 et

51 2870 75 2886 ‘⁶
85 2872 215 2896 omnium
233 2870 402 2896 Sanctorum
412 2889 436 2903 „.
461 2870 486 2895 11
498 2871 660 2895 monastero
673 2871 703 2895 fu
716 2872 793 2895 certo
807 2871 951 2895 costrutto

62 2913 140 2946 negti
159 2914 226 2938 anni
247 2913 294 2937 dal
314 2918 381 2944 1071
407 2913 435 2937 al
457 2911 533 2943 1076,
552 2920 566 2937 e
592 2914 718 2936 staccato
743 2912 778 2936 da
802 2912 951 2937 Polirone.

9 2947 11 2951 ’
44 2953 202 2988 {Gregorio
227 2954 289 2985 vn,
313 2955 432 2980 essendo
457 2961 474 2979 a
502 2954 631 2979 Canossa
657 2953 846 2979 nell’inverno
874 2960 949 2988 1077,

44 2996 198 3022 >tannero
219 2997 240 3021 il
260 3004 355 3022 nuovo
373 2997 455 3022 abate
474 2996 637 3025 Benedetto.
657 3004 671 3021 e
690 3004 743 3021 con
757 2996 835 3021 bolla
849 2996 948 3021 dell'u

44 3037 191 3069 frema-alo
213 3044 276 3070 1077
298 3039 332 3064 da
350 3038 487 3064 Bondeno
508 3045 542 3063 ne
559 3036 625 3063 fisso
644 3037 671 3063 le
690 3037 785 3071 regole
803 3045 818 3062 e
831 3038 841 3063 1
855 3038 950 3063 diritti

87 1196 183 1231 vm.
204 1196 310 1239 Quod
327 1195 491 1228 secundus
513 1193 701 1227 Heinricus
728 1197 880 1238 tempore
912 1193 1085 1226 Beatricis
1118 1198 1269 1227 mortuus
1298 1197 1358 1234 est,
1383 1197 1416 1225 et
1437 1192 1529 1236 quod
1557 1194 1682 1226 tercius
1712 1193 1899 1227 Hcinricus

59 1249 61 1251 ’
139 1261 213 1283 cum
236 1249 342 1293 Papa
365 1247 560 1281 Alexandro
582 1249 726 1280 secundo
750 1247 852 1280 nimie
875 1247 1089 1280 discordatus
1111 1251 1171 1279 est.

448 1333 555 1366 Cesar
576 1332 761 1365 Heinricus
784 1331 985 1365 Comitissae
1008 1336 1165 1374 tempore
1188 1332 1287 1364 vivus

447 1386 634 1423 Extiterat3
659 1385 785 1419 scimus
808 1385 902 1428 quod
926 1385 1029 1418 herus
1052 1385 1118 1417 fuit
1141 1390 1244 1428 atque
1267 1385 1484 1429 propinquus

447 1439 527 1482 Ipse
551 1438 723 1472 Beatricis
745 1448 902 1481 magnae,
926 1443 1098 1481 nataeque
1122 1437 1330 1471 Mathildis.'

447 1493 607 1526 Mortuus
629 1497 794 1536 augustus
816 1491 885 1524 fuit
907 1492 965 1524 hic
988 1491 1025 1524 in
1047 1501 1135 1534 pace
1158 1491 1323 1534 sepultus.

333 1554 403 1580 1160
446 1546 531 1579 Post
552 1557 654 1590 quem
676 1545 824 1579 surrexit
846 1545 906 1590 qui
928 1545 972 1579 de
994 1545 1121 1578 lumbis
1143 1554 1230 1588 puer
1253 1546 1325 1578 exit

447 1599 544 1633 Illius
566 1600 603 1632 in
625 1609 782 1643 regnum,
805 1599 864 1632 fiet
885 1609 949 1642 per
972 1608 1074 1641 quem
1097 1599 1188 1631 male
1211 1604 1354 1637 rectum,

450 1653 593 1686 Scilicet
616 1652 790 1685 Henricus
813 1651 964 1686 crudelis
985 1652 1116 1685 tercius
1138 1651 1246 1691 idrus,

449 1707 556 1740 Cuius
578 1712 652 1739 erat
674 1711 795 1745 mater,
819 1706 940 1750 regina
962 1705 1129 1739 videlicet
1151 1705 1282 1750 Agnes,

455 1760 557 1793 Hunc
580 1759 616 1792 in
638 1765 760 1792 ventre
783 1768 920 1803 gerenS,
943 1758 1030 1792 vidit
1053 1759 1149 1803 quod
1173 1758 1218 1791 sit
1242 1759 1349 1792 draco
1373 1768 1454 1792 vere

1986 1503 2007 1519 c.
2020 1503 2070 1523 «ιν

1001 1900 1032 1924 ln
1043 1900 1150 1932 quanto
1161 1899 1283 1924 Matllde
1295 1899 1386 1924 l’avea
1400 1898 1500 1924 offerto
1513 1906 1530 1923 a
1543 1905 1593 1924 san
1605 1898 1711 1923 Pietro.
1724 1899 1897 1930 Buccumm,

1001 1942 1190 1975 Montejiorino
1201 1950 1214 1966 e
1224 1943 1250 1966 le
1263 1945 1338 1967 terre
1347 1942 1527 1966 dell'abbazia
1540 1941 1570 1966 di
1581 1941 1749 1972 Frassinoro,
1764 1940 1897 1970 Modena,
1925 1945 1960 1971 30

1004 1984 1123 2016 192648,
1144 1985 1215 2010 voll.
1235 1991 1266 2009 2=
1285 1985 1342 2009 vol.
1362 1984 1382 2016 1,
1402 1991 1450 2016 pp.
1478 1989 1566 2017 13·²7·
1592 1983 1666 2009 dove
1690 1982 1705 2008 ὲ
1730 1983 1898 2016 pubblicato

1000 2027 1129 2052 tradotto
1149 2027 1232 2052 Fatto
1251 2027 1282 2052 di
1302 2027 1476 2052 fondazlone
1495 2027 1650 2051 accennato
1664 2025 1710 2050 dal
1730 2026 1870 2051 Muratori
1884 2033 1899 2050 e

1002 2067 1172 2093 malamente
1191 2067 1261 2093 dato
1280 2067 1327 2092 dal
1347 2067 1517 2100 Margarlni.

1089 2119 1116 2136 v.
1133 2109 1217 2143 1150)
1237 2110 1368 2136 Beatrice
1387 2118 1401 2135 e
1419 2109 1542 2135 Matilde
1561 2110 1668 2134 tolsero
1689 2110 1711 2134 il
1730 2109 1854 2141 collegio
1869 2109 1897 2133 di

1004 2160 1034 2178 12
1055 2154 1188 2178 canonici
1209 2160 1264 2178 con
1284 2161 1322 2178 un
1348 2154 1484 2185 preposto
1510 2152 1640 2177 istituito
1664 2152 1699 2178 da
1724 2153 1810 2182 Azzo,
1835 2159 1849 2176 e
1867 2152 1899 2176 vi
1926 2157 1958 2184 35

1002 2195 1193 2220 sostituirono
1213 2197 1222 2219 i
1243 2196 1355 2220 monaci
1375 2194 1554 2219 benedettlni
1574 2201 1590 2219 e
1609 2195 1654 2219 fre.
1666 2195 1711 2219 cui
1726 2193 1756 2219 fu
1770 2195 1898 2226 appunto

1001 2237 1036 2261 D.
1057 2238 1155 2261 autore
1173 2236 1218 2261 del
1238 2244 1346 2269 poema.
1372 2237 1452 2262 Mu«.
1480 2234 1569 2264 Quasi
1585 2237 1756 2261 certamente
1768 2236 1898 2260 dovevan

1002 2286 1091 2304 essere
1110 2279 1186 2304 della
1205 2279 1326 2303 rison-ma
1345 2279 1374 2303 dl
1390 2277 1495 2311 Cluny,
1508 2286 1573 2303 cara
1587 2278 1645 2303 alla
1663 2285 1728 2303 casa
1742 2277 1773 2302 dl
1785 2278 1898 2302 Lorena

1001 2329 1016 2346 e
1033 2322 1085 2346 che
1104 2322 1196 2347 allora
1215 2322 1327 2346 andava
1346 2321 1559 2346 diffundendosi
1579 2322 1610 2345 in
1629 2320 1726 2345 Italia.
1754 2320 1838 2344 Daue
1851 2327 1899 2352 pa·

1003 2364 1063 2389 role
1082 2364 1112 2389 di
1131 2364 1167 2388 D.
1187 2370 1239 2397 par
1257 2364 1288 2388 dl
1307 2364 1402 2396 capite
1419 2364 1470 2388 che
1491 2364 1501 2388 i
1525 2364 1637 2388 monaci
1663 2370 1750 2388 erano
1777 2360 1827 2395 piu
1853 2362 1897 2386 dei
1927 2369 1961 2393 40

1005 2413 1035 2431 12
1056 2407 1176 2432 chierici
1195 2407 1223 2431 di
1244 2408 1345 2441 prima.

1091 2458 1117 2474 v.
1135 2448 1214 2482 1157)
1234 2450 1403 2481 Propinquus
1422 2447 1523 2482 perche
1542 2449 1569 2473 la
1589 2448 1685 2473 madre
1698 2448 1727 2472 di
1741 2447 1846 2472 Enrico
1859 2446 1900 2471 111

1003 2490 1125 2525 (Glsela)
1143 2499 1158 2516 e
1177 2491 1272 2523 quella
1297 2491 1326 2515 di
1354 2491 1483 2516 Beatrice
1506 2489 1649 2524 (Matilde)
1674 2497 1761 2515 erano
1787 2489 1897 2520 serene,

1002 2533 1080 2567 figlie
1098 2533 1129 2558 di
1147 2533 1285 2558 Federlco
1305 2533 1375 2558 duca
1394 2533 1423 2558 di
1443 2533 1557 2558 Svevia.
1576 2534 1611 2557 D.
1626 2532 1737 2557 ricorda
1759 2532 1787 2556 la
1799 2539 1898 2563 paren-

1003 2577 1060 2600 tela
1079 2576 1109 2601 dl
1128 2577 1255 2601 Beatrice
1275 2583 1327 2600 con
1348 2576 1549 2608 l‘imperatore,
1570 2583 1613 2600 ma
1633 2582 1690 2599 non
1711 2575 1739 2599 la
1752 2574 1899 2606 prigionia
1926 2581 1958 2608 45

1004 2618 1054 2643 che
1073 2625 1134 2643 essa
1153 2626 1168 2643 e
1186 2618 1306 2643 Matilde
1324 2618 1465 2643 sublrono
1485 2619 1520 2642 da
1539 2618 1590 2647 lui,
1610 2624 1659 2650 per
1677 2623 1761 2641 causa
1781 2615 1827 2640 del
1841 2623 1898 2640 ma-

1003 2661 1144 2685 trimonio
1163 2660 1191 2684 di
1212 2660 1340 2685 Beatrice
1359 2667 1413 2685 con
1441 2658 1574 2684 Goffredo
1600 2659 1630 2684 di
1655 2658 1776 2687 Lorena.
1802 2666 1817 2682 a
1842 2658 1896 2689 cul,

1004 2703 1061 2735 egli
1082 2710 1140 2727 non
1159 2702 1263 2727 voleva
1283 2709 1444 2727 accennare.

1092 2754 1118 2770 v.
1138 2744 1218 2777 1159)
1236 2744 1342 2769 Enrico
1360 2744 1400 2769 111
1413 2744 1459 2777 (11,
1475 2751 1554 2769 come
1566 2744 1743 2777 imperatore,
1764 2743 1823 2767 dice
1836 2744 1898 2775 glu—

1005 2789 1143 2812 stamente
1162 2787 1197 2811 D.
1216 2787 1263 2811 nel
1282 2785 1384 2817 titolo)
1404 2786 1477 2811 morl
1498 2786 1520 2810 il
1539 2793 1554 2818 3
1567 2779 1688 2810 'ottobre
1710 2784 1779 2817 1056
1791 2793 1806 2809 a
1826 2785 1899 2809 Bod-
1927 2790 1961 2817 ⁵0

1006 2829 1063 2854 feld
1084 2829 1225 2853 nell'Harz
1244 2829 1275 2853 ln
1294 2826 1340 2853 et&
1359 2829 1387 2853 di
1408 2836 1443 2861 39
1463 2830 1531 2853 anni
1551 2835 1566 2852 e
1586 2828 1615 2852 fu
1634 2827 1746 2860 sepolto
1772 2835 1787 2852 a
1806 2827 1899 2860 spira.

1004 2870 1119 2895 Sull'luic
1136 2878 1193 2895 una
1212 2870 1307 2903 glossa
1327 2871 1357 2895 dl
1376 2870 1410 2895 V.
1430 2872 1540 2903 spiega:
1555 2873 1710 2901 pronomen.

1093 2921 1119 2938 v.
1139 2912 1215 2944 11⁶2)
1234 2913 1318 2942 idrus,
1338 2914 1474 2946 serpente,
1495 2920 1553 2936 non
1573 2914 1677 2937 astuto.

1092 2963 1118 2979 v.
1138 2954 1213 2987 1103)
1232 2955 1344 2988 Agnese
1364 2954 1393 2979 dl
1413 2955 1536 2979 Poitiers
1550 2954 1569 2979 f.
1583 2954 1628 2979 del
1642 2954 1713 2979 duca
1732 2952 1898 2987 Guguelmo

1005 2997 1035 3022 di
1054 2997 1213 3029 Aquitania
1231 3004 1246 3021 e
1265 3004 1304 3021 co.
1323 2996 1352 3021 di
1372 2995 1503 3025 Poiners.
1523 2997 1645 3021 seconda
1665 2996 1766 3029 moglie
1791 2996 1820 3020 dl
1846 2994 1899 3020 En·
1926 3002 1958 3028 55

1005 3039 1074 3070 rico,
1096 3039 1131 3063 da
1150 3039 1193 3063 lui
1212 3039 1326 3072 sposata
1346 3039 1391 3063 nel
1414 3045 1491 3071 ¹⁰43·
