2288 3476
451 688 885 743 LECTORI
939 688 1470 741 BENEVOLO

605 813 797 862 JOSEPH
825 813 1099 849 ANTONIUS
1126 812 1315 848 SAXIUS

216 930 461 956 COLLEGIO
497 921 555 955 ET
592 929 966 955 BIBLIOTHECAE
1002 929 1360 954 AMBROSIANAE
1396 929 1707 956 PRAEFECTUS

346 1251 406 1270 uon
426 1246 456 1269 in
477 1245 554 1270 votis
573 1244 749 1270 erudltorum
767 1244 916 1269 hominum
939 1245 1009 1276 erat,
1035 1246 1066 1269 ut
1088 1245 1213 1277 jacentia
1233 1245 1262 1268 in
1288 1244 1394 1276 pluteis
1419 1244 1534 1269 Patriae
1559 1246 1673 1269 nostrae
1699 1247 1883 1269 monumenta

356 1293 572 1319 extraherentur
591 1293 622 1318 in
642 1293 744 1324 lucem,
763 1301 814 1318 nec
834 1293 977 1318 frustatim
997 1293 1049 1317 hac
1069 1293 1136 1318 illac
1155 1301 1261 1326 sparsa,
1280 1293 1327 1318 sed
1346 1293 1467 1326 integra,
1487 1294 1516 1318 et
1534 1300 1583 1325 per
1602 1294 1731 1318 ordinem
1757 1295 1882 1318 aetatum

357 1343 497 1376 disposita
516 1342 635 1375 publico
654 1342 790 1367 darentur
809 1342 985 1375 conspectui,
1004 1341 1239 1374 quemadmodum
1258 1341 1470 1374 Papebrochius
1482 1342 1565 1366 Tom.
1579 1341 1631 1366 vn
1644 1342 1724 1376 Maji.
1739 1342 1791 1367 fol.
1804 1349 1882 1367 Lxxx

358 1392 444 1416 enIxe
461 1391 693 1416 Mediolanenses
712 1391 926 1421 adhortabatur,
945 1391 975 1416 id
993 1391 1261 1429 impraesentiarum
1280 1391 1406 1424 aggressi
1426 1398 1530 1420 sumus,
1550 1398 1743 1423 urgemusque,
1770 1399 1883 1416 manum

358 1441 436 1465 ultro
455 1440 550 1471 dante,
569 1447 602 1465 ac
621 1440 711 1465 facem
729 1440 906 1473 praeferente
931 1439 975 1465 Cl.
1001 1440 1035 1465 V.
1059 1439 1191 1465 Ludovico
1215 1439 1335 1464 Antonio
1359 1439 1519 1465 Muratorio.
1556 1440 1628 1465 Nam
1653 1442 1765 1473 praeter
1789 1448 1820 1465 ea
1845 1440 1882 1465 ad

21 1478 142 1519 &urbem
160 1491 288 1515 nostram
307 1490 474 1523 spectantia,
494 1496 565 1522 quae
582 1490 778 1523 superioribus
802 1489 902 1514 Tomis
922 1489 1038 1522 vulgata
1063 1491 1138 1520 sunt,
1164 1489 1299 1514 Codicem
1325 1496 1436 1521 quoque
1460 1489 1653 1514 Historiarum
1677 1488 1843 1522 Landulphi
1867 1497 1882 1514 a

24 1536 29 1559 ’ἒ
44 1539 149 1566 Sancto
167 1539 257 1564 Paulo
276 1538 378 1564 tandiu
397 1540 577 1572 expectatum
596 1546 610 1563 e
622 1539 701 1572 typIs
715 1538 898 1570 dimittimus,
911 1537 1007 1562 rudem
1020 1538 1134 1570 quidem
1147 1538 1352 1570 obscurumque
1372 1539 1401 1562 in
1415 1545 1467 1562 suo
1479 1538 1607 1571 genuino
1621 1539 1710 1567 textu,
1725 1538 1772 1562 sed
1786 1538 1881 1570 Notis,

18 1579 183 1624 '‘quantum
202 1588 294 1619 licuit,
313 1595 329 1612 a
348 1587 448 1612 nativa
467 1587 613 1620 ferrugine
631 1588 763 1612 eductum
783 1587 1005 1619 expolitumque,
1024 1594 1056 1611 ac
1074 1587 1150 1620 iusta
1169 1588 1327 1619 temporum
1347 1587 1419 1612 serie
1438 1587 1468 1610 in
1488 1594 1555 1611 suos
1579 1594 1671 1611 annos
1696 1587 1881 1612 distributum

45 1637 219 1662 exhibemus.
255 1636 346 1670 Huius
364 1637 457 1661 autem
477 1636 567 1661 studii
587 1637 713 1661 laborem
731 1635 860 1661 Palatina
879 1635 1004 1665 Societas.
1024 1636 1106 1660 nulla
1125 1637 1153 1660 et
1172 1636 1235 1668 ipsa
1254 1635 1356 1664 labori,
1376 1643 1408 1660 ac
1428 1636 1554 1670 sumptui
1573 1643 1701 1669 parcens,
1721 1638 1754 1660 ut
1779 1638 1881 1668 augeat

10 1695 21 1709 η
44 1693 158 1710 censum
176 1685 332 1710 historicae
350 1684 571 1718 suppellectilis,
589 1686 616 1709 et
635 1685 841 1717 patrimonium
861 1684 1018 1716 literarum,
1037 1684 1106 1709 mihi
1125 1683 1264 1709 benevole
1282 1685 1381 1717 magis,
1400 1691 1484 1716 quam
1504 1686 1607 1709 merito
1627 1685 1714 1717 (absit
1733 1685 1820 1709 verbo
1839 1685 1883 1709 in-

27 1758 29 1762 ,
43 1734 136 1766 vidia)
155 1734 353 1760 demandavit:
373 1734 562 1759 nihilominus
580 1733 735 1759 imbecillis
754 1735 906 1766 utcumque
925 1734 1044 1763 virIbus,
1064 1733 1247 1766 ingenquue,
1273 1735 1407 1758 sentirem
1433 1742 1477 1758 me
1502 1741 1569 1763 esse,
1594 1742 1646 1766 pro
1672 1735 1802 1766 obsequii
1828 1735 1883 1758 mei

20 1811 22 1813 ,
45 1783 160 1810 ratione
177 1784 251 1809 hanc
271 1783 449 1816 provinciam
469 1784 588 1815 suscepi,
606 1783 751 1816 Notasque
764 1783 866 1817 adieci,
879 1783 970 1808 fusius
991 1783 1064 1808 sorte
1077 1790 1160 1816 quam
1173 1783 1318 1815 aliquibus
1331 1783 1507 1810 sublimioris
1521 1783 1697 1808 eruditionis
1710 1784 1883 1808 necessariae

21 1841 24 1842 ⁷
46 1833 114 1863 sint,
132 1833 182 1858 sed
199 1834 266 1865 quia
285 1840 343 1857 non
363 1832 496 1857 omnibus
515 1839 566 1864 par
585 1832 725 1857 librorum
744 1832 828 1865 copia
847 1834 895 1857 aut
915 1833 1096 1864 antiquarum
1115 1840 1207 1857 rerum
1228 1833 1335 1857 notitia
1354 1834 1402 1864 est,
1422 1839 1470 1857 eas
1488 1839 1600 1865 quoque
1618 1833 1696 1858 bono
1716 1834 1779 1858 usui
1805 1833 1881 1858 futu-

23 1889 92 1915 ,ras
109 1881 255 1914 aliquibus
274 1888 364 1915 spero.

132 1930 316 1964 Synehronus
334 1930 401 1955 huic
421 1937 484 1955 meo
503 1930 595 1955 labori
617 1931 673 1955 tuit
691 1930 772 1955 labor
786 1930 878 1962 vlonge
896 1930 1015 1962 dignior
1032 1930 1211 1961 Doctissimi,
1232 1931 1359 1962 mihique
1378 1931 1553 1956 Amicissimi
1574 1930 1607 1955 P.
1633 1931 1768 1963 Stampae,
1793 1939 1883 1963 nuper

21 1975 24 1978 ’
44 1987 178 2006 excusum
197 1980 255 2004 suis
274 1979 359 2004 Notis
378 1979 582 2004 illustrandum
602 1987 760 2012 aggressus,
779 1980 895 2013 ejusque
914 1980 1047 2012 vestigiis
1066 1979 1136 2012 pede
1155 1981 1221 2013 post
1240 1980 1347 2011 pedem,
1372 1981 1404 2004 ut
1429 1981 1519 2014 aiunt,
1539 1980 1697 2009 inhaerens,
1716 1981 1880 2005 Anselmum

6 2023 19 2031 ''
46 2035 123 2054 anno
142 2027 291 2054 Mcxxm
311 2028 566 2061 Archiepiscopum
586 2029 716 2060 agnovit.
751 2028 813 2061 Ego
832 2035 900 2052 vero
919 2027 1086 2062 Landulphi
1105 2029 1160 2053 mei
1179 2028 1347 2053 testimonio
1374 2029 1462 2053 fretus
1487 2029 1604 2053 nonnisi
1630 2037 1707 2054 anno
1732 2028 1883 2054 MCXXVI

22 2065 27 2098 Ι.
44 2077 164 2103 eundem
182 2077 302 2102 electum
321 2078 351 2102 in
370 2076 626 2111 ArchiepIscopum
647 2085 792 2108 assevero3
810 2078 885 2103 unde
904 2077 1123 2111 chronologica
1141 2078 1217 2102 inter
1237 2085 1289 2102 nos
1310 2078 1452 2103 dissensio
1473 2086 1530 2103 non
1550 2079 1679 2103 modicae
1704 2079 1883 2104 difficultatis

21 2130 27 2142 ²·
46 2127 168 2153 emersit.
203 2126 293 2157 Hanc,
311 2128 343 2151 ut
361 2133 411 2160 per
428 2127 526 2151 literas
547 2127 702 2151 familiares
722 2127 865 2152 intellexit
885 2126 1085 2159 praelaudatus
1104 2127 1287 2158 Muratorius,
1308 2134 1350 2158 ea,
1369 2134 1423 2159 qua
1442 2129 1576 2160 praestat,
1590 2128 1620 2152 in
1634 2128 1767 2153 historiis
1787 2128 1883 2153 facili-

20 2189 25 2202 -,
45 2177 106 2201 tate
123 2177 220 2201 statim
239 2176 394 2200 conciliare
412 2175 532 2205 studuit,
551 2175 816 2207 Praefationemque
833 2176 982 2200 contexuit
1000 2175 1036 2200 ad
1054 2176 1174 2201 eundem
1195 2175 1389 2208 Anonymum‚
1409 2177 1439 2200 in
1458 2184 1513 2208 qua
1532 2177 1653 2201 candide
1673 2177 1814 2201 affirmans
1832 2176 1881 2202 01-

21 2227 23 2230 '
45 2225 146 2256 ricum,
163 2226 208 2249 cui
227 2224 378 2249 Anselmus
397 2225 539 2256 successst,
560 2225 679 2250 nonnisi
696 2232 772 2250 anno
791 2224 941 2250 MCXXVI
959 2232 994 2249 ex
1012 2224 1064 2250 hac
1083 2225 1144 2249 vita
1163 2224 1322 2256 decessisse,
1342 2226 1374 2249 ut
1391 2232 1443 2257 ego
1462 2226 1549 2250 statui
1569 2227 1671 2250 contra
1684 2226 1823 2251 adductos
1842 2227 1882 2250 ibi

4 2263 25 2287 ·',
47 2273 142 2306 plures
160 2273 289 2306 egregios
307 2272 475 2306 Scriptores,
495 2273 685 2298 nihilominus
705 2274 841 2298 credibile
861 2274 902 2307 ajt
920 2272 1020 2298 Olrico
1039 2273 1130 2298 adhuc
1150 2274 1265 2298 vivente
1285 2274 1405 2298 eiectum
1423 2275 1510 2298 etiam
1529 2275 1695 2299 Anselmum
1716 2276 1745 2299 in
1766 2275 1879 2299 Archie·

19 2325 21 2329 ‘
45 2322 203 2356 piscopum,
223 2323 254 2347 ut
273 2329 347 2346 nunc
367 2322 488 2346 dicimus
507 2321 698 2355 Coady'utorem,
719 2322 954 2355 quemadmodum
967 2323 1024 2356 Jam
1038 2323 1068 2347 ln
1082 2330 1135 2347 usu
1147 2322 1289 2347 Ecclesiae
1304 2322 1391 2347 fuisse
1405 2331 1439 2347 ex
1452 2322 1644 2348 Thomassino
1658 2324 1755 2356 liquet.
1780 2324 1883 2358 Hujus-

22 2368 28 2386 J
47 2371 124 2396 modi
144 2372 236 2395 autem
255 2370 491 2395 consuetudinem
509 2371 538 2395 in
559 2371 684 2396 Ecclesia
703 2378 815 2403 quoque
834 2371 1042 2396 Mediolanensi
1063 2372 1188 2404 viguisse
1207 2373 1318 2402 asserit,
1343 2373 1402 2396 tum
1427 2372 1480 2396 hoc
1507 2373 1635 2397 Anselmi
1659 2374 1799 2406 exemplo,
1824 2375 1883 2398 tum

47 2419 105 2444 alio
123 2419 240 2452 Algisii,
265 2427 348 2451 quem
364 2420 492 2444 triennio
512 2421 577 2445 ante
596 2421 715 2444 mortem
733 2421 830 2445 Sancti
849 2418 970 2445 GaldIni
989 2420 1045 2453 jam
1064 2420 1320 2453 Archiepiscopum
1334 2422 1477 2453 opinatur,
1491 2421 1610 2445 innixus
1623 2422 1884 2455 subscriptionibus

11 2477 15 2484 ,-
48 2468 83 2493 nd
101 2468 276 2501 Diplomata,
297 2469 331 2493 de
348 2469 450 2501 quibus
472 2470 501 2493 in
520 2469 604 2493 Notis
623 2470 679 2494 erit
698 2477 799 2498 sermo,
818 2471 847 2494 et
866 2469 1036 2494 auctoritate
1055 2469 1201 2502 Anonymi
1222 2470 1320 2503 ipsius,
1339 2471 1387 2501 qui
1408 2470 1443 2494 ad
1462 2477 1567 2494 annum
1594 2470 1745 2496 MCXXIII
1770 2472 1803 2495 de
1822 2471 1883 2495 An-

10 2532 12 2536 ·
49 2517 136 2542 selmo
155 2518 268 2542 scribit:
286 2516 511 2550 Archieps'scopus
530 2517 731 2548 inthronizatus,
750 2518 796 2542 sed
813 2517 881 2542 male
899 2519 1002 2550 pactus.
1039 2518 1079 2542 At
1097 2526 1148 2550 ego
1168 2526 1288 2543 veneror
1307 2519 1498 2543 erudItionem
1518 2520 1680 2544 doctissimi
1700 2520 1764 2551 viri,
1786 2527 1883 2544 verum

15 2578 19 2587 e
48 2567 79 2590 in
97 2567 156 2600 ejus
174 2568 344 2591 senteutiam
363 2566 436 2591 flecti
458 2574 515 2591 non
535 2574 658 2600 possum,
678 2568 852 2600 argumentis
871 2567 945 2592 haud
964 2567 1076 2591 levibus
1094 2567 1204 2598 ductus,
1221 2574 1293 2600 quae
1311 2569 1346 2592 ad
1367 2569 1469 2592 Notam
1488 2567 1505 2592 6
1523 2569 1628 2600 capltis
1648 2568 1780 2594 XXXVII
1798 2570 1883 2602 rejeci

47 2622 82 2639 ne
100 2615 146 2640 hic
165 2615 273 2640 diutius
291 2615 426 2641 lectorem
445 2622 582 2641 morarer:
602 2622 692 2648 neque
710 2616 830 2648 proinde
849 2616 893 2641 vel
914 2617 1062 2640 minimam
1081 2613 1160 2640 diicit
1179 2615 1291 2641 RImam
1310 2616 1363 2641 illa
1382 2618 1548 2650 conjunctio
1566 2618 1737 2646 animorum,
1757 2625 1810 2650 qua
1831 2625 1884 2642 nos

12 2672 15 2692 ;
48 2664 207 2688 arctissima
226 2665 404 2688 necessitudo
421 2664 611 2696 constringit;
629 2665 700 2696 quin
716 2665 798 2698 Juxta
816 2664 893 2697 leges
910 2665 1051 2697 ingenuae
1064 2666 1210 2689 amicitiae
1222 2667 1274 2696 est,
1286 2673 1368 2699 posse
1381 2673 1607 2698 unumquemque
1621 2666 1709 2691 libere
1723 2668 1884 2698 sincereque

11 2742 14 2748 ,
46 2718 211 2744 expromere
229 2719 341 2736 sensum
360 2719 451 2743 suum,
470 2714 501 2736 ut
519 2712 608 2746 eligat
626 2712 755 2737 eruditus
773 2712 872 2742 lector,
892 2721 975 2745 quam
995 2714 1161 2738 melioribus
1180 2715 1322 2740 suffultam
1349 2715 1543 2740 fundamentis
1566 2716 1739 2749 judicaverit
1765 2719 1882 2748 partem.

136 2761 297 2791 Coeterum‚
316 2762 348 2785 ut
362 2760 397 2786 de
416 2762 590 2794 praestantia
609 2761 694 2795 hujus
712 2761 860 2787 Historiae
879 2763 989 2794 aliquid
1010 2763 1154 2792 disseram,
1173 2763 1202 2788 id
1222 2771 1310 2788 unum
1329 2764 1455 2797 proferre
1475 2765 1620 2796 sufficeret,
1641 2765 1739 2789 statim
1760 2773 1791 2789 ac
1817 2772 1883 2798 pro-

10 2843 11 2846 *
49 2808 125 2834 diere
145 2810 174 2833 in
195 2810 285 2834 lucem
305 2809 446 2834 nonnulla
465 2810 588 2844 ejusdem
608 2810 776 2843 fragmenta,
795 2809 951 2836 Puricellio
971 2812 1116 2845 vulgante,
1135 2814 1252 2845 excepta
1273 2813 1359 2838 fuisse
1377 2814 1410 2838 ab
1429 2814 1549 2838 eruditis
1575 2814 1645 2838 viris
1672 2815 1754 2838 tanto
1774 2814 1883 2846 plausu,

11 2889 12 2892 Ἰ
47 2859 79 2883 ut
98 2859 127 2882 in
147 2865 211 2883 suas
229 2860 348 2891 quisque
366 2858 579 2884 lucubrationes
599 2858 652 2884 ilia
669 2859 801 2884 certatim
819 2861 974 2886 transferre
993 2862 1144 2886 curaverit.
1180 2861 1220 2886 Iis
1238 2863 1313 2886 enim
1332 2862 1543 2895 Papebrochlus
1562 2864 1701 2894 exegesim
1722 2871 1800 2888 suam
1824 2863 1882 2888 Me-

48 2906 257 2931 diolanensium
276 2907 452 2932 Antistitum
472 2909 563 2940 auxit,
582 2907 720 2940 Ughellus
740 2909 770 2933 in
790 2909 874 2934 Italia
893 2909 979 2934 Sacra
1003 2910 1129 2942 plurium
1155 2910 1360 2944 Episcoporum
1387 2911 1503 2936 lacunas
1527 2911 1663 2944 explevit,
1689 2911 1793 2945 Pagius
1818 2913 1883 2936 ube-

14 2950 15 2953 *
48 2956 138 2980 riores
155 2955 191 2980 ad
210 2956 328 2981 Baronu
347 2956 504 2981 Historiam
524 2957 639 2981 criticas
657 2958 747 2982 Notas
766 2957 928 2987 adornavit,
947 2960 978 2983 ut
997 2959 1095 2983 sileam
1115 2960 1245 2991 privatos
1262 2960 1441 2993 quamplures
1461 2961 1572 2985 urbium
1592 2961 1787 2990 finitimarum,
1802 2963 1886 2993 atque

11 3016 13 3020 ·
48 3006 160 3030 exteros
178 3005 265 3029 etiam
283 3004 451 3038 Scriptores,
472 3005 521 3037 qui
540 3007 636 3038 magni
657 3006 747 3031 secere
773 3009 916 3031 auctorem
942 3009 1072 3032 nostrum
1099 3009 1128 3031 in
1155 3009 1349 3033 describendis
1375 3009 1538 3034 Annalibus
1563 3011 1723 3044 temporum
1750 3010 1883 3041 illorum;
