2288 3476
0 2684 1 2690 1
51 2692 56 2701 s
83 2667 244 2693 donazione
269 2667 299 2692 (11
323 2667 444 2692 Matilde
468 2668 527 2692 alla
551 2667 655 2693 Chiesa
681 2675 798 2693 romana
823 2669 978 2693 rinnovato

537 837 796 873 CARTULA
825 836 1141 872 COMlTISSAE
1169 835 1468 872 MATHILDIS

119 931 277 965 SUPER
300 931 631 966 CONCESSIONE
654 930 898 965 BONORUM
921 931 1126 966 SUORUM
1149 930 1311 965 FACTA
1334 930 1576 964 ROMANAE
1600 929 1864 964 ECCLESIAE
1878 929 1887 946 ¹

344 1296 369 1320 Ν
390 1287 529 1319 nomine
559 1293 700 1320 sanctae
726 1292 760 1320 et
782 1287 1004 1321 individuae
1035 1288 1279 1320 Trinitatis.
1326 1287 1430 1320 Anno
1459 1287 1502 1320 ab
1524 1288 1765 1320 incarnatione
1789 1287 1928 1319 Domini

366 1340 472 1373 nostri
494 1340 572 1372 Iesu
603 1340 732 1373 Christi
763 1340 879 1374 MCII.
907 1351 956 1373 xv
979 1340 1049 1373 die
1074 1340 1168 1373 Kal.
1192 1340 1425 1373 Decembris
1451 1339 1648 1373 Indictione
1672 1351 1704 1372 x.
1751 1340 1927 1383 Tempore

367 1393 494 1427 domini
519 1393 680 1438 Gregorii
696 1393 764 1426 VII
780 1404 904 1436 papae,
920 1395 955 1426 in
972 1394 1198 1427 Lateranensi
1213 1394 1354 1436 palatio,
1368 1394 1405 1426 in
1421 1404 1441 1427 c
1451 1404 1501 1436 ap
1511 1393 1591 1425 ella
1614 1398 1787 1426 sanctae
1803 1393 1929 1433 crucis,

57 1482 61 1486 ,
365 1446 402 1479 in
417 1446 613 1489 praesentia
628 1447 743 1480 Centii
759 1447 965 1490 Fraiapane‚
982 1447 1150 1485 Gratiani,
1169 1447 1284 1480 centii
1302 1447 1515 1480 Franculini
1539 1453 1574 1479 et
1589 1446 1748 1479 Alberici
1765 1447 1809 1480 de
1832 1447 1930 1479 Petri

40 1501 220 1541 1-.Leonis,
234 1501 319 1534 Cice
337 1506 371 1534 et
394 1499 611 1533 Beneincasa
627 1500 746 1533 fratris
769 1501 843 1533 eius
857 1507 892 1533 et
907 1500 1038 1533 Uberti
1057 1502 1104 1535 de
1120 1501 1289 1539 Tascio‚
1307 1507 1341 1533 et
1356 1501 1503 1533 aliorum
1518 1500 1678 1543 plurium,
1695 1510 1761 1544 ego
1777 1499 1929 1533 Matilda

60 1587 65 1591 v
72 1554 144 1588 Dei
156 1555 268 1598 gratia
283 1554 456 1587 comitissa
466 1564 531 1596 pro
547 1554 719 1586 remedio
744 1554 911 1587 animae
927 1564 1050 1593 meae,
1067 1560 1102 1587 et
1114 1559 1296 1596 parentum
1313 1564 1467 1587 meorum
1485 1554 1568 1587 dedi
1585 1559 1618 1586 et
1635 1553 1744 1586 obtuli
1759 1553 1929 1586 ecclesiae

79 1608 189 1642 nancti
212 1606 309 1640 Petri
332 1618 397 1650 per
418 1608 650 1640 interventum
674 1608 829 1640 domini
855 1608 1055 1652 Gregorii
1074 1607 1150 1640 VII
1166 1617 1301 1650 papae
1317 1606 1447 1639 omnia
1462 1606 1555 1639 bona
1569 1616 1658 1646 mea,
1681 1607 1757 1639 iure
1772 1607 1930 1649 proprie-

79 1661 180 1699 tario,
195 1666 266 1694 tam
290 1671 380 1704 quae
402 1666 487 1693 tnnc
509 1660 709 1698 habueram,
732 1671 835 1703 quam
860 1671 908 1693 ea
931 1671 1038 1704 quae
1061 1662 1103 1694 in
1127 1666 1234 1693 antea
1257 1660 1468 1704 acquisitura
1490 1670 1596 1699 eram,
1611 1659 1683 1693 sive
1699 1660 1773 1693 iure
1790 1670 1928 1692 succes-

42 1713 59 1723 *
80 1713 187 1748 sionis
208 1714 281 1747 sive
304 1714 373 1746 alio
396 1723 654 1757 quocumque
678 1714 769 1746 iure
793 1714 845 1746 ad
868 1724 927 1746 me
950 1715 1177 1757 pertinerent,
1202 1720 1237 1747 et
1251 1719 1322 1746 tam
1345 1724 1388 1746 ea
1410 1723 1499 1757 quae
1525 1724 1568 1745 ex
1589 1714 1656 1746 hac
1680 1719 1779 1756 parte
1802 1714 1929 1747 montis

53 1761 61 1802 ³1
81 1766 263 1807 habebam,
285 1777 408 1810 quam
431 1767 505 1799 illa
537 1777 639 1810 quae
664 1766 705 1799 in
729 1767 1011 1800 ultramontanis
1034 1766 1190 1810 partibus
1214 1767 1259 1800 ad
1281 1777 1336 1799 me
1359 1766 1536 1809 pertinere
1560 1766 1782 1805 videbantur,
1814 1767 1930 1800 omnia

63 1820 171 1855 *sicut
193 1821 353 1854 dictum
376 1827 435 1854 est
458 1831 533 1864 per
555 1832 717 1853 manum
742 1821 903 1854 domini
927 1821 1130 1865 Gregorii
1155 1820 1221 1853 VII
1244 1830 1356 1863 papae
1379 1821 1561 1853 Romanae
1580 1819 1753 1853 ecclesiae
1777 1821 1871 1859 dedi,
1896 1827 1931 1853 et

33 1873 35 1902 Ϊ
55 1864 66 1876 ⁵
80 1874 219 1914 tradidi,
243 1880 278 1908 et
309 1874 476 1907 cartulam
498 1874 580 1907 inde
605 1874 687 1907 fieri
710 1875 866 1918 rogavi.
914 1874 999 1907 Sed
1022 1874 1121 1917 quia
1143 1874 1305 1907 cartula
1328 1884 1496 1917 nusquam
1521 1879 1667 1916 apparet
1690 1879 1726 1906 et
1748 1873 1862 1912 timeo,
1885 1885 1930 1906 ne

59 1920 235 1966 {donatim
258 1933 293 1960 et
317 1927 467 1960 oblatio
497 1938 586 1960 mea
609 1928 649 1959 in
674 1928 847 1960 dubium
878 1933 1097 1966 revocetur,
1120 1928 1202 1960 ideo
1226 1938 1293 1972 ego
1325 1938 1414 1970 quae
1438 1937 1544 1970 supra
1575 1927 1750 1959 comitissa
1780 1927 1930 1960 Matilda

55 1997 65 2010 ·.
80 1981 231 2015 iterum
254 1993 275 2014 a
298 1981 515 2024 praesenti
539 1981 610 2014 die
634 1981 755 2020 dono,
780 1987 823 2015 et
845 1982 981 2014 offero
1006 1982 1120 2015 eidem
1139 1982 1320 2015 Romanae
1337 1980 1509 2014 ecclesiae
1526 1991 1590 2023 per
1605 1991 1742 2013 manum
1760 1980 1929 2014 Bernardi

60 2034 305 2074 cardinalis,
329 2040 369 2067 et
391 2033 528 2078 legati
551 2035 741 2068 eiusdem
764 2035 981 2068 Romanae
1004 2035 1186 2073 ecclesiae,
1211 2035 1300 2067 sicut
1323 2034 1384 2066 illo
1407 2040 1563 2076 tempore
1587 2033 1682 2072 dedi,
1706 2045 1768 2077 per
1792 2045 1930 2068 manum

42 2128 43 2131 Ἴ
62 2087 70 2116 ἶ
82 2087 215 2121 domini
237 2087 401 2131 Gregorii
425 2087 494 2120 VII
517 2097 630 2130 papae
652 2088 769 2120 omnia
790 2087 901 2120 bona
917 2099 1007 2120 mea
1027 2094 1109 2121 tam
1133 2098 1238 2131 quae
1261 2098 1373 2121 nunc
1396 2086 1547 2127 habeo,
1571 2098 1673 2131 quam
1698 2098 1786 2130 quae
1809 2088 1844 2119 in
1869 2099 1929 2131 po-

82 2147 210 2174 aterum
242 2143 316 2174 Deo
341 2141 492 2184 propitio
524 2142 736 2184 acquisitura
765 2152 851 2182 sum,
883 2148 924 2174 et
947 2149 1030 2175 tam
1053 2153 1112 2181 ea,
1143 2152 1249 2185 quae
1282 2152 1332 2174 ex
1362 2142 1442 2174 hac
1473 2146 1600 2183 parte
1631 2141 1796 2179 montis,
1828 2152 1930 2185 quam

61 2234 64 2236 ,
84 2205 172 2238 quae
195 2195 231 2227 in
262 2194 527 2227 ultramontanis
557 2194 713 2237 partibus
736 2195 849 2228 habeo
873 2195 930 2228 vel
953 2195 1114 2228 habitura
1136 2206 1210 2228 sum
1234 2195 1306 2228 sive
1329 2195 1402 2227 iure
1427 2194 1638 2227 hereditario
1661 2195 1731 2227 sive
1755 2194 1822 2227 alio
1846 2205 1931 2238 quo-

26 2240 30 2244 ⁴
54 2279 57 2281 ,
83 2258 240 2291 (ὶῑιιιιςιιεΔ
261 2247 346 2287 iure,
376 2258 440 2290 pro
463 2248 636 2286 mercede,
661 2254 695 2280 et
725 2249 877 2282 remedio
902 2249 1037 2281 animae
1067 2259 1179 2288 meae,
1203 2255 1238 2281 et
1268 2254 1451 2291 parentum
1474 2258 1641 2280 meorum.
1689 2247 1790 2286 Quae
1815 2255 1930 2281 autem

58 2302 64 2317 ¹
80 2301 146 2335 ista
167 2312 246 2334 mea
267 2300 359 2334 bona
378 2295 464 2334 iuris
486 2302 554 2334 mei
577 2302 734 2344 superius
756 2302 862 2341 dicta,
884 2313 954 2335 una
978 2313 1056 2334 cum
1080 2302 1337 2335 accessionibus
1359 2309 1394 2335 et
1417 2301 1629 2345 ingressibus
1651 2312 1712 2335 seu
1735 2313 1814 2335 cum
1830 2312 1932 2345 supe—

26 2379 27 2382 *
80 2354 240 2393 rioribus,
263 2360 299 2388 et
320 2354 541 2387 inferioribus
563 2355 645 2394 suia,
669 2356 818 2398 qualiter
840 2366 945 2398 supra
967 2356 1105 2399 legitur,
1127 2356 1164 2387 in
1179 2356 1318 2399 integro
1335 2355 1378 2387 ab
1402 2356 1469 2387 hac
1494 2355 1564 2393 die,
1587 2355 1621 2386 in
1645 2355 1767 2387 eadem
1785 2355 1932 2388 ecclesia

58 2420 63 2452 j
83 2407 176 2441 dono
200 2414 234 2440 et
263 2408 386 2450 offero,
410 2414 445 2440 et
468 2417 532 2450 per
554 2414 770 2451 praesentem
796 2409 963 2441 cartulam
987 2409 1185 2442 offertionis
1207 2409 1337 2442 ibidem
1365 2409 1566 2442 habendum
1590 2409 1768 2446 confirmo,
1790 2409 1933 2452 insuper

61 2502 63 2508 ἲ
82 2472 145 2505 per
161 2461 349 2499 cultellum,
373 2462 542 2494 festucam
558 2462 733 2500 nodatam,
748 2469 961 2507 guantonem
978 2469 1013 2495 et
1035 2462 1262 2506 guuasionem
1286 2469 1411 2501 terrae,
1436 2468 1541 2505 atque
1564 2473 1697 2494 ramum
1721 2462 1872 2499 arboris3
1897 2468 1932 2495 et

171 2581 179 2597 ¹
197 2583 222 2608 Il
242 2583 405 2616 Tengnagel
424 2590 439 2608 e
458 2583 502 2608 sul
525 2591 576 2608 suo
594 2585 720 2616 esempio
739 2584 760 2608 il
781 2584 900 2609 Leibniz
920 2592 935 2609 e
953 2585 975 2609 il

1032 2585 1160 2617 nenborg
1179 2583 1230 2617 (op.
1250 2586 1303 2614 cit„
1323 2592 1349 2617 p.
1370 2583 1425 2617 40),
1446 2585 1495 2617 poi
1517 2585 1563 2609 dal
1584 2584 1717 2609 Weiland
1738 2592 1787 2617 per
1807 2585 1814 2608 i
1836 2585 1875 2609 M.
1901 2585 1932 2610 G.

51 2644 57 2656 5
81 2624 221 2650 Muratori
247 2626 419 2657 aggiunsero
445 2625 582 2658 all'opera
606 2626 635 2650 di
661 2626 815 2651 Donizone
839 2627 923 2651 l’atto
946 2627 975 2651 (11

1034 2629 1079 2655 Η.,
1107 2627 1204 2655 Const.,
1223 2627 1244 2655 I,
1263 2626 1324 2660 653.
1363 2626 1412 2652 Gli
1440 2627 1567 2660 apografi
1586 2627 1637 2651 che
1662 2627 1717 2651 han
1744 2628 1849 2652 servito
1875 2627 1932 2652 alla

1032 2671 1252 2694 ricostituzione
1272 2677 1345 2694 sono
1358 2670 1404 2694 nel
1419 2670 1482 2695 cod.
1496 2670 1561 2694 Vat.
1575 2669 1717 2694 Ottobon.
1736 2676 1806 2702 3057
1821 2669 1866 2694 del
1881 2677 1933 2695 sec.

62 2725 65 2727 —
85 2710 129 2735 nel
152 2716 234 2735 1102:
254 2717 316 2735 esso
335 2708 404 2742 pero
425 2717 482 2734 non
503 2711 526 2734 si
547 2712 631 2735 trova
652 2711 697 2735 nel
712 2711 775 2735 cod.
795 2710 938 2736 vaticano
960 2712 985 2736 V

60 2751 64 2758 ²
84 2752 160 2778 della
186 2753 246 2777 Vita
266 2753 420 2777 Mathildis.
457 2751 577 2777 Sarebbe
590 2753 657 2777 suot
670 2753 786 2786 d’opera
799 2753 821 2777 11
836 2754 979 2778 discutere

54 2817 58 2822 ,
83 2795 131 2827 qui
151 2794 181 2819 di
199 2802 238 2819 un
258 2796 320 2819 atto
338 2794 389 2819 che
407 2794 444 2819 ha
463 2796 551 2819 avuto
575 2797 656 2820 tante
681 2803 874 2828 conseguenze
893 2797 978 2820 stori-

54 2843 61 2865 ξ
85 2837 134 2862 che
150 2844 166 2862 e
183 2837 233 2862 che
246 2844 301 2862 con
315 2837 422 2871 l'opera
435 2837 466 2861 (11
477 2837 632 2862 Donizone
645 2837 682 2862 ha
695 2838 759 2862 solo
773 2845 812 2862 un
827 2838 979 2871 fuggevole

54 2873 63 2899 ‘,
85 2881 231 2912 rapporto,
249 2877 350 2911 perche
368 2879 424 2912 egli
444 2879 556 2904 ricorda
576 2879 603 2903 la
623 2880 715 2912 prima
735 2879 906 2908 donazione,
926 2887 977 2904 con

19 2938 22 2939 ν
54 2927 61 2956 j
85 2928 156 2954 poca
175 2922 321 2950 esattezza,
340 2922 404 2946 solo
424 2921 451 2946 al
471 2929 496 2946 v.
520 2926 568 2954 173
588 2921 633 2946 del
654 2922 685 2946 L.
705 2921 740 2947 ΙΙ.
776 2921 875 2947 L’atto
895 2923 924 2946 fu
939 2923 976 2948 ri-

30 2959 31 2962 *
86 2963 223 2996 prodotto
243 2964 290 2989 dal
309 2964 436 2989 Baronlo
456 2964 532 2996 negli
554 2964 673 2989 Annales
698 2963 800 2997 (Roma
822 2963 898 2998 1607,
919 2964 980 2994 XII,

16 3038 21 3043 „
56 3007 59 3015 ²
86 3012 114 3040 p.
127 3004 180 3040 27),
193 3006 228 3031 da
241 3007 288 3031 cul
305 3006 532 3040 probabilmente
546 3006 576 3031 lo
590 3014 669 3040 prese
681 3007 703 3031 il
723 3007 897 3040 Tengnagel.
934 3007 979 3032 Un

14 3054 21 3096 ζ]
43 3065 54 3094 ⁴.
88 3047 182 3082 prlmo
195 3049 341 3074 tentativo
355 3048 385 3073 di
399 3048 576 3073 ricostitulre
590 3048 612 3073 11
626 3050 700 3073 testo
715 3048 744 3073 fu
759 3049 834 3074 fatto
848 3049 893 3074 dal
908 3050 980 3074 Pan—

1033 2712 1093 2741 XII,
1108 2713 1153 2736 nel
1168 2712 1252 2737 Liber
1271 2721 1391 2737 censuum
1411 2712 1439 2736 dl
1461 2712 1569 2737 Cencio
1590 2711 1779 2744 Camerlengo
1799 2719 1868 2744 pure
1887 2712 1932 2737 del

1033 2762 1086 2779 sec.
1111 2753 1171 2783 XII,
1192 2755 1237 2779 nel
1263 2754 1325 2779 cod.
1344 2754 1410 2779 Vat.
1436 2753 1506 2787 8486
1525 2754 1575 2788 delv
1598 2762 1651 2779 see.
1676 2754 1751 2783 XIII,
1771 2761 1786 2778 e
1805 2754 1851 2779 nel
1871 2755 1934 2779 cod.

1034 2796 1178 2820 dell’arch.
1196 2796 1260 2820 Vat.
1280 2797 1466 2829 Avignonese
1490 2803 1558 2828 2529
1579 2796 1624 2820 del
1644 2804 1698 2820 sec.
1717 2796 1798 2821 XIV:
1826 2797 1934 2821 inoltre

1034 2839 1149 2863 restano
1169 2838 1222 2863 due
1246 2838 1407 2863 frammenti
1430 2840 1581 2862 marmorei
1603 2838 1647 2863 del
1668 2845 1721 2862 sec.
1741 2838 1804 2868 XII,
1821 2839 1932 2864 trovati

1035 2881 1109 2905 nelle
1136 2879 1238 2906 Grotte
1264 2881 1403 2905 vaticane.
1441 2879 1500 2909 Qui
1519 2879 1533 2905 'e
1559 2881 1724 2912 riprodotto
1751 2881 1772 2904 il
1792 2882 1868 2906 testo
1888 2881 1933 2906 del

1035 2922 1178 2951 Welland,
1191 2923 1241 2947 che
1255 2925 1370 2947 avverte
1389 2924 1417 2947 di
1434 2930 1500 2947 aver
1520 2929 1611 2947 messo
1630 2922 1816 2956 dappertutto
1838 2923 1859 2947 il
1879 2923 1934 2948 dit-

1035 2966 1125 2997 tongo
1139 2973 1179 2993 ae,
1194 2966 1296 2990 contro
1317 2965 1405 2989 anche
1419 2965 1447 2990 la
1466 2965 1552 2997 grafia
1567 2965 1612 2989 dei
1633 2964 1737 2994 codici,
1758 2965 1934 2990 sondandosi

1034 3006 1109 3031 sulla
1134 3007 1223 3040 grafia
1248 3007 1292 3031 dei
1322 3007 1483 3032 frammenti
1517 3007 1683 3031 marmorei:
1710 3007 1720 3031 1
1746 3007 1831 3040 pochi
1857 3009 1932 3040 passi

1035 3049 1095 3074 dati
1122 3049 1169 3074 dal
1190 3056 1298 3074 marmo
1313 3056 1384 3074 sono
1404 3051 1452 3081 qui
1473 3050 1583 3082 segnati
1605 3057 1657 3074 con
1678 3049 1777 3074 lettere
1798 3049 1934 3082 spaziate.

1962 2676 1992 2702 15

1961 2887 1996 2905 20
