2288 3476
209 1795 284 1820 Mum,
299 1800 338 1821 ⁵¹9

220 2121 242 2138 c·
256 2121 303 2141 ΝΥ

335 2758 367 2776 10

334 2969 363 2996 ¹5

411 347 528 384 tionis,
545 345 743 384 Sonzinum‚
759 349 984 386 sanctumque
1002 344 1188 376 Bassanum
1202 342 1224 382 ¹,
1240 347 1274 375 et
1290 343 1370 375 allia
1385 343 1491 376 multa
1507 342 1649 375 castella
1672 343 1955 376 Cremonensium
1979 344 2139 377 destruxe
2192 362 2195 372 ·

410 399 549 439 Quibus
565 396 760 436 destructis,
775 397 957 430 moltitudo
981 396 1290 429 Mediolanensium
1307 397 1351 428 ad
1369 396 1544 429 civitatem
1560 396 1681 434 rediit;
1706 396 1989 439 archiepiscopus
2003 407 2087 430 vero
2104 403 2138 430 et
2153 394 2216 442 aqs

414 453 497 484 dam
521 452 640 484 inclita
662 462 743 494 pars
765 450 884 483 militie
907 449 1219 482 Mediolanensium
1243 459 1320 481 cum
1343 449 1552 491 imperatore
1575 449 1610 481 in
1633 449 1803 483 Roncalia
1825 459 1930 492 super
1952 449 2084 483 Padum
2107 460 2166 484 cas
2191 443 2215 488 κζ’

410 505 553 538 mentati
577 510 672 541 sunt3
697 503 817 546 ibique
839 514 900 546 per
915 503 1032 546 plures
1056 503 1129 535 dies
1153 508 1187 535 et
1208 501 1445 536 hebdomadas
1467 502 1655 545 imperator
1677 502 1818 536 Curiam
1840 504 2045 546 potestative
2068 503 2188 538 habuit

408 559 504 602 leges
528 557 627 590 dedit
641 556 665 590 ².

497 664 550 696 65.
580 682 612 686 —
639 664 740 696 Tunc
765 673 830 707 ego
854 674 990 707 quoque
1013 663 1060 696 ibi
1076 673 1140 705 per
1155 668 1225 695 tres
1242 663 1316 696 dies
1340 663 1426 696 affui
1441 669 1477 696 et
1491 663 1670 696 licentiam
1694 663 1904 697 lamentandi
1926 664 1972 697 ad
1993 664 2161 707 imperato
2188 667 2210 693 ἕ
2248 707 2250 710 .

410 729 430 750 a
454 717 597 750 domino
619 727 696 750 meo
720 717 883 750 Conrado
913 727 996 761 rege
1021 722 1192 760 presente,
1222 715 1400 760 Sigifredo
1431 716 1501 749 filio
1526 717 1598 749 eius
1619 716 1808 759 interprete
1821 716 1844 756 ⁸,
1874 717 2024 760 suscepi;
2048 723 2083 750 et
2104 719 2183 761 prin
2194 709 2208 759 ,
2248 724 2251 760 ζ

407 771 509 813 pibus
532 770 779 814 cujuscumque
802 770 979 815 dignitatis
1002 770 1334 802 circumsedentibus
1358 775 1394 802 et
1419 780 1542 803 vocem
1569 781 1680 803 meam
1712 770 1938 810 audientibus,
1961 770 2025 803 sub
2047 776 2179 814 tempto
2204 779 2209 783 ⁴

407 824 624 867 imperatoris
646 823 820 867 querelam
845 823 889 856 de
913 823 1056 856 Andrea
1088 823 1265 867 Sugaliola
1287 823 1360 856 feci
1375 822 1398 856 ⁴.
1445 822 1562 861 Quam
1592 823 1766 867 querelam
1796 823 2080 867 archiepiscopus
2108 824 2180 858 Tre
2192 842 2204 858 ¹2

405 876 538 910 rensis⁵
562 886 639 909 cum
663 877 788 909 ceteris
813 876 1086 919 archiepiscopis
1109 882 1143 909 et
1166 876 1340 919 episcopis
1363 876 1518 919 alliisque
1540 876 1687 909 literatis
1708 876 1790 909 viris
1815 876 1973 910 intelexit
1994 882 2030 910 et
2049 888 2116 917 me,
2138 877 2191 910 si

407 932 459 965 vir
481 931 633 974 prudens
656 936 691 963 et
712 931 861 973 sapiens,
884 930 1113 974 interrogavit
1137 935 1173 962 et
1194 936 1271 972 post
1294 940 1404 962 meam
1428 930 1686 973 responsionem
1711 930 1850 963 domino
1873 930 2076 973 imperatori
2099 941 2140 964 ca
2168 956 2173 960 .
2209 969 2213 974 2

407 995 517 1018 meam
531 994 594 1027 per
609 984 716 1017 verba
731 984 838 1016 michi
853 983 1001 1017 barbara
1015 984 1193 1016 revelavit.
1240 983 1285 1016 Et
1300 983 1460 1016 dominus
1475 983 1660 1026 imperator
1682 984 1869 1017 secundum
1892 984 2093 1026 petitionem
2108 995 2174 1018 me
2194 986 2215 1012 «⁴

404 1043 507 1081 prout
529 1038 710 1081 pontifices
733 1038 837 1070 michi
860 1037 963 1070 fidem
985 1037 1157 1073 fecerunt,
1181 1036 1363 1080 imperavit
1386 1036 1584 1069 consulibus
1614 1036 1943 1077 Mediolanensibus,
1966 1037 2016 1070 uti
2039 1037 2159 1072 Medio
2179 1063 2182 1065 -

406 1101 544 1124 causam
566 1102 677 1124 meam
700 1091 789 1136 juste
812 1097 847 1123 et
868 1096 1013 1133 paterne
1037 1095 1236 1123 tractarent.

492 1196 544 1228 66.
569 1214 610 1219 -—
635 1195 707 1228 Sed
729 1195 901 1234 nimirum,
925 1195 953 1228 si
977 1201 1073 1228 cetus
1097 1195 1278 1227 consulum
1302 1194 1382 1228 huic
1406 1201 1572 1237 precepto
1595 1205 1664 1228 non
1696 1194 1863 1233 obedivit,
1888 1195 1969 1238 quia
1990 1195 2166 1230 Arnaldus
2194 1191 2218 1233 Α
2255 1211 2258 1234 3

403 1249 541 1288 Raude,
563 1259 651 1281 unus
673 1259 716 1280 ex
738 1248 806 1281 illis
830 1249 1039 1291 consulibus,
1063 1248 1100 1280 in
1123 1248 1261 1281 auribus
1285 1258 1402 1281 eorum
1426 1248 1550 1287 sonuit,
1574 1248 1668 1292 quod
1683 1248 1917 1282 investituram
1940 1249 1985 1282 de
2000 1259 2077 1282 meo
2099 1249 2217 1296 placi

404 1301 636 1345 susceperat⁶;
661 1302 728 1335 hoc
753 1302 892 1344 quidem
916 1312 1011 1334 mens
1032 1313 1109 1334 mea
1132 1301 1225 1334 nullo
1242 1301 1345 1334 modo
1369 1301 1474 1341 novit,
1491 1312 1557 1334 nec
1570 1301 1646 1345 jure
1664 1312 1738 1334 esse
1761 1302 1880 1344 potuit.
1927 1301 2022 1341 Quia
2043 1302 2193 1336 Arnald·

402 1356 502 1400 hujus
526 1356 670 1389 Arnaldi
689 1366 782 1394 avus,
798 1355 1081 1388 Herlembaldum
1105 1360 1337 1398 protectorem
1352 1355 1531 1398 presbiteri
1555 1355 1723 1397 Liprandi
1739 1355 1883 1395 occidit,
1907 1355 2087 1400 ipsumque
2109 1361 2223 1390 auct
2257 1378 2260 1386 ,

404 1421 476 1442 rem
500 1420 575 1442 mee
599 1419 702 1442 cause
718 1410 763 1442 ad
778 1409 1031 1441 truncationem
1054 1409 1127 1441 nasi
1142 1415 1175 1441 et
1191 1409 1323 1441 aurium
1347 1414 1449 1451 atque
1466 1409 1511 1441 ad
1525 1408 1664 1441 vincula
1681 1414 1715 1441 et
1729 1419 1890 1442 carceres
1912 1409 2080 1442 violenter
2101 1410 2146 1442 ad
2185 1426 2195 1438 ι
2215 1399 2219 1405 Χ

404 1462 596 1496 Ardericus
619 1473 757 1506 quoque
779 1462 879 1506 hujus
900 1462 1034 1506 juvenis
1058 1461 1206 1495 Arnaldi
1227 1468 1380 1504 patruus,
1404 1462 1551 1494 eundem
1575 1461 1801 1504 presbiterum
1824 1463 1869 1494 ad
1892 1463 2018 1506 ignem,
2041 1473 2106 1506 per
2128 1474 2218 1508 qun„
2258 1459 2261 1467 '

403 1516 565 1554 transivit,
583 1516 700 1559 venire
718 1515 893 1558 compulit.
924 1515 1016 1559 Ugo,
1032 1515 1121 1547 alter
1137 1515 1292 1559 ejusdem
1311 1514 1457 1547 Arnaldi
1471 1520 1625 1557 patruus,
1640 1514 1826 1554 Andream,
1842 1514 1886 1548 de
1903 1526 1971 1559 quo
1986 1516 2076 1560 juste
2091 1526 2159 1560 que
2184 1533 2190 1545 ι
2258 1524 2262 1544 ῑ

404 1581 474 1603 non
497 1570 631 1602 ratione
654 1569 717 1602 sed
740 1569 870 1601 furiose
894 1569 1055 1612 protegit.
1101 1568 1146 1600 Et
1172 1567 1342 1601 Amaldus
1364 1568 1439 1607 iste,
1469 1568 1553 1600 mire
1578 1568 1764 1601 caliditatis
1795 1569 1910 1608 homo,
1933 1580 2012 1601 cum
2043 1569 2171 1603 nullam
2194 1560 2218 1594 ‘-

402 1634 540 1657 causam
562 1634 672 1656 meam
696 1623 825 1656 habeat
847 1632 1036 1661 accessum,
1059 1622 1176 1654 studet
1197 1633 1251 1654 me
1275 1632 1454 1665 meamque
1479 1633 1615 1654 causam
1638 1622 1810 1690 impedire
1833 1633 1897 1665 per
1918 1622 2111 1667 hujusmodi
2135 1624 2230 1659 inve

401 1676 520 1710 stiture
543 1676 696 1709 verbum.
744 1675 970 1719 Quapropter
991 1675 1213 1717 imperatoris
1236 1675 1442 1717 presentiam
1466 1674 1695 1718 exspectavi)

493 1782 546 1818 67.
572 1802 608 1808 -
635 1783 795 1816 Lotarius
825 1782 1044 1825 postmodum
1075 1783 1261 1825 imperator
1282 1782 1318 1814 in
1349 1787 1472 1825 quarta
1502 1782 1570 1821 die,
1594 1792 1661 1825 que
1684 1782 1749 1815 fuit
1773 1782 1849 1815 dies
1877 1783 1998 1823 sabati,
2021 1788 2099 1827 post
2121 1771 2232 1826 me*v
2261 1770 2263 1799 '3

405 1836 606 1881 querellam,
629 1846 728 1869 secus
750 1836 894 1878 Papiam
916 1842 968 1868 est
992 1841 1275 1868 castramentatus
1299 1836 1345 1868 ad
1367 1835 1492 1874 locum,
1517 1836 1576 1879 qui
1601 1835 1731 1868 dicitur
1753 1836 1971 1875 Lardiracus,
1987 1847 2091 1880 super
2105 1837 2207 1872 flume
2216 1846 2232 1875 -12,
2261 1855 2262 1858 ¹

403 1891 556 1924 Oronam
578 1891 711 1933 positus
722 1888 744 1922 ⁷.
791 1889 948 1932 Cumque
964 1889 1153 1931 imperator
1167 1888 1216 1921 ibi
1233 1894 1482 1931 pernoctasset,
1499 1895 1534 1922 et
1548 1889 1641 1921 diem
1665 1889 1875 1922 dominicum
1892 1890 1989 1933 quasi
2006 1889 2139 1924 dimidi
2154 1906 2159 1919 ι
2172 1907 2177 1919 ;
2191 1914 2199 1919 -
2223 1892 2226 1905 ‘

401 1944 521 1977 militia
545 1944 620 1988 ejus
644 1943 779 1976 cucurit
801 1943 846 1975 ad
870 1942 1058 1985 Papienses
1081 1942 1141 1986 qui
1164 1943 1284 1975 armati
1305 1943 1474 1975 exierant.
1519 1943 1559 1974 In
1579 1942 1689 1985 prelio
1706 1943 1766 1975 illo
1782 1943 1969 1976 fortissima
1990 1954 2112 1977 manus
2132 1944 2230 1988 prirr>

404 1998 492 2041 cipis
514 1997 667 2031 Conradi
691 2007 792 2040 quam
815 1997 932 2039 plures
956 1997 999 2029 de
1023 1996 1252 2039 Papiensibus
1282 1995 1384 2039 ejecit
1408 2001 1442 2028 et
1472 1997 1748 2038 comprehendit,
1779 2007 1891 2039 neque
1915 2007 1935 2029 a
1955 1997 2067 2040 prelio
2089 2007 2127 2030 se
2149 2009 2205 2032 su·
2219 2026 2221 2028 .

399 2051 516 2094 traxit,
539 2051 654 2084 donec
677 2050 866 2094 Papienses
887 2051 963 2083 fere
994 2060 1102 2093 usque
1127 2051 1172 2083 ad
1202 2060 1317 2083 muros
1340 2050 1490 2082 civitatis
1521 2050 1741 2083 conculcavit
1763 2055 1798 2082 et
1829 2050 2085 2094 propinquavit.
2194 2067 2234 2080 ·¹

407 2103 619 2148 Papienses,'
640 2104 744 2137 valde
768 2104 923 2146 perteriti
948 2109 984 2136 et
1006 2110 1199 2137 metuentes
1222 2103 1382 2136 hostilem
1406 2103 1598 2136 exercitum
1629 2103 1950 2142 Mediolanensium,
1973 2104 2187 2138 concurenti
2205 2122 2235 2137 ενι

402 2159 448 2191 ad
469 2158 686 2200 imperatoris
708 2157 930 2200 triumphum,
952 2157 987 2189 in
1011 2156 1123 2200 primo
1146 2157 1299 2189 diluculo
1322 2157 1475 2190 secunde
1498 2157 1588 2189 ferie
1613 2167 1689 2189 cum
1713 2157 1859 2189 maxima
1885 2157 2069 2191 devotione
2092 2158 2233 2192 redid-·

484 2278 510 2304 6.
528 2278 628 2304 XLIV.
646 2279 699 2303 Per
716 2278 899 2311 imperatorem
918 2285 1000 2303 causa
1018 2277 1136 2304 historici
1155 2278 1254 2310 trustra
1272 2278 1424 2303 consulibus
1441 2277 1592 2303 Mediolani
1610 2277 1742 2303 oomititur
1761 2293 1793 2296 -
1814 2285 1827 2302 2
1832 2285 1855 2311 5.
1868 2278 1954 2304 XLV.
1965 2278 2096 2311 ἰσωνίας,
2110 2280 2145 2305 Ρ
2177 2279 2183 2286 “

397 2321 473 2347 sibus
491 2321 574 2353 tussis
592 2320 697 2353 (meglio
714 2320 739 2345 R
757 2319 850 2355 tusis),
863 2319 1048 2346 Mediolanum
1066 2320 1135 2346 venit

483 2418 508 2442 4.
528 2408 715 2442 potestative]
734 2411 930 2442 potestaturae
947 2409 973 2434 R
993 2423 1025 2428 --
1043 2417 1117 2443 9⁶¹0·
1135 2410 1308 2434 TaurInenci
1328 2417 1342 2434 ε
1359 2408 1546 2434 TaurlnensIs
1566 2409 1610 2434 nei
1628 2410 1702 2434 codd.

484 2497 491 2513 ¹
511 2499 638 2525 Sonclno
657 2499 701 2524 sul
720 2499 802 2523 tiume
815 2498 913 2531 Oglio,
926 2507 939 2523 e
952 2498 1008 2524 San
1023 2498 1147 2524 Bassano
1161 2500 1205 2524 tra
1219 2498 1286 2524 Cre·
1338 2499 1542 2523 arcivescovile
1561 2499 1719 2524 solamente
1738 2499 1783 2524 nel
1806 2504 1870 2532 1515
1891 2499 1926 2524 da
1939 2500 2034 2524 Leone
2046 2499 2080 2525 X.
2115 2499 2197 2525 Ῑ)ἰ1

395 2550 440 2567 ma
457 2549 473 2567 e
491 2542 643 2568 Cremona.
1338 2542 1417 2574 parte
1436 2543 1534 2566 consta
1553 2542 1603 2566 che
1621 2541 1825 2566 l’arcivescovo
1844 2542 1873 2566 di
1899 2540 2013 2566 Trevlrl
2037 2543 2154 2575 segulva
2173 2542 2238 2568 Lo·

482 2583 493 2600 ¹
511 2584 667 2617 L’impresa
687 2585 717 2609 su
736 2585 882 2616 compiuta
903 2585 947 2608 nei
975 2584 1043 2608 mesl
1069 2585 1099 2608 di
1125 2584 1284 2609 settembre·
1338 2583 1413 2608 tario
1432 2583 1479 2613 (cf.
1495 2584 1598 2615 Pawrz,
1617 2583 1677 2613 XX,
1697 2591 1724 2617 p.
1744 2583 1777 2615 48
1797 2591 1825 2610 n.
1847 2581 1900 2616 20).
1937 2584 2000 2609 Una
2019 2580 2236 2614 confermach·

394 2627 546 2652 novembre
568 2626 648 2660 11363
667 2634 682 2651 e
701 2627 727 2651 le
747 2627 821 2659 leggi
843 2626 950 2651 feudali
964 2625 1071 2651 turono
1086 2626 1248 2659 pubblicate
1262 2626 1283 2650 ll
1337 2626 1361 2650 si
1379 2626 1463 2650 tratti
1477 2626 1507 2650 di
1520 2626 1616 2657 quello
1635 2626 1664 2650 di
1684 2626 1797 2650 Treviri
1812 2626 1837 2651 sl
1851 2625 1908 2658 puo
1921 2627 2035 2651 trovare
2048 2626 2137 2652 anche
2149 2627 2235 2665 nell!

393 2668 410 2694 6
430 2669 591 2694 novembre.
1337 2669 1511 2692 circostanza
1538 2668 1587 2692 che
1611 2668 1691 2701 parla
1715 2669 1747 2693 in
1771 2668 1871 2700 lingua
1896 2668 2006 2693 tede-ca
2031 2667 2118 2702 (verba
2142 2666 2225 2695 ηιιῶῐ

480 2708 492 2726 ³
510 2711 575 2735 Non
595 2711 694 2735 consta
713 2710 913 2735 storlcamente
927 2710 976 2734 che
990 2709 1135 2742 Sigifredo
1148 2710 1190 2734 sia
1202 2709 1283 2743 figlio
1336 2709 1455 2742 barbara,
1477 2710 1539 2735 dice
1559 2710 1723 2741 Landolfo).

392 2753 422 2778 dl
442 2752 570 2778 Corrado
589 2752 614 2784 (e
634 2759 758 2785 neppure
777 2752 808 2776 dl
827 2751 969 2782 Lotario).
1007 2752 1059 2776 Nel
1078 2752 1162 2777 Pertz
1175 2752 1199 2777 sl
1220 2759 1282 2785 sug·
1423 2751 1434 2767 ⁶
1452 2751 1476 2776 Il
1496 2760 1580 2786 sopra
1598 2753 1744 2778 ricordato
1763 2752 1878 2778 Andr-ea
1896 2752 2055 2786 sugaliola.

391 2795 499 2828 gerlsce
517 2795 546 2820 dl
568 2796 755 2828 interpretare
774 2793 848 2824 fideli
867 2794 934 2819 eius.
1424 2793 1435 2810 ⁷
1454 2795 1480 2819 Α
1498 2795 1656 2828 Roneaglia
1675 2795 1795 2820 Lotario
1814 2794 1949 2828 pubblico
1969 2796 1994 2820 le
2013 2796 2089 2829 leggl
2109 2795 2162 2820 116
2174 2803 2224 2822 no·

479 2836 490 2853 ⁴
508 2837 529 2862 11
548 2838 652 2869 giorno
671 2845 687 2869 4
702 2837 864 2865 novembre,
878 2835 995 2869 giacche
1009 2836 1036 2861 al
1050 2844 1078 2861 n.
1091 2835 1124 2869 67
1138 2835 1283 2861 Landolfo
1335 2838 1461 2868 vembre·
1480 2837 1502 2861 il
1522 2839 1628 2870 giorno
1648 2839 1776 2869 seguente
1794 2836 1835 2870 (7)
1853 2836 1868 2862 ὲ
1887 2837 1910 2862 11
1929 2837 2029 2863 sabato
2042 2837 2071 2862 di
2080 2839 2130 2863 ¹cul
2144 2837 2225 2871 pari}

392 2880 509 2913 designa
528 2880 549 2904 11
571 2885 585 2912 7
606 2880 760 2905 novembre
777 2880 901 2911 quartam
919 2879 989 2904 diem
1006 2880 1064 2912 post
1086 2886 1171 2904 meam
1194 2886 1281 2911 quere·
1335 2879 1490 2904 Landolfo
1526 2879 1645 2904 Lutario
1665 2881 1694 2904 in
1714 2880 1790 2904 detto
1809 2880 1914 2912 giorno
1934 2881 1957 2904 si
1977 2887 2110 2914 accampa
2128 2879 2226 2907 aLarhz

391 2921 446 2947 lam
465 2922 513 2951 (cs.
532 2924 602 2947 nota
622 2928 636 2954 7
658 2923 685 2947 al
706 2929 733 2947 n.
752 2921 808 2953 67).
1335 2923 1444 2954 dirago,
1463 2922 1513 2947 che
1532 2921 1546 2947 ὲ
1565 2923 1653 2955 lungo
1673 2922 1695 2947 ll
1714 2922 1796 2947 fiume
1815 2920 1911 2946 Olons.
1929 2929 1944 2946 e
1962 2929 2058 2955 presso
2076 2915 2241 2949 Pavla.11'

478 2963 489 2979 ⁵
507 2965 571 2989 Non
598 2963 655 2997 ριιὸ
678 2966 755 2989 certo
780 2965 909 2988 trattarsi
937 2963 965 2988 di
992 2963 1112 2994 Torino,
1137 2964 1281 2989 anzitutto
1334 2963 1390 2988 dies
1407 2963 1557 2988 dominicus
1575 2962 1590 2988 ὲ
1609 2963 1708 2995 quindi
1729 2964 1750 2987 il
1770 2963 1875 2996 giorno
1893 2961 1923 2993 83
1942 2963 2058 2988 semnda
2074 2962 2143 2994 lma
2153 2959 2234 2997 1193

391 3004 492 3040 perche
510 3006 604 3038 quella
624 3006 686 3031 sede
705 3006 867 3039 episcopale
893 3006 924 3030 su
949 3006 1057 3031 elevata
1083 3006 1110 3030 al
1136 3006 1226 3039 grado
1250 3006 1279 3030 dl
1334 3013 1348 3030 e
1368 3005 1451 3030 altera
1468 3005 1510 3031 dic
1527 3006 1549 3030 ll
1570 3012 1611 3030 10.
