2288 3476
26 353 28 366 ¹
73 378 77 387 1
99 370 191 393 nano
221 360 398 399 Brisiensi,
430 360 607 393 ordinavit
635 360 842 393 Brisiensem
873 360 1033 393 ellectum
1057 360 1091 392 in
1117 360 1317 403 episcopum
1344 361 1479 393 nomine
1505 359 1689 392 Villanum.
1736 359 1775 392 In
1799 370 1866 402 qua

41 465 46 508 J,
90 466 150 500 dte
173 466 264 499 illius
285 466 415 499 Villani
440 477 523 499 casu
553 472 719 506 ruentem,
741 467 778 498 in
801 466 907 509 ipsius
930 466 1045 509 capite
1074 467 1216 499 firmavi.
1264 466 1355 505 Quia
1379 467 1663 509 archiepiscopus
1689 467 1753 499 iste
1777 465 1869 498 Yor-

67 512 99 556 ’Ῐι
136 535 141 548 ;
169 519 207 552 in
229 518 358 561 diebus,
383 520 505 563 quibus
532 520 743 553 Grosulanus
773 530 912 552 causam
937 531 1032 551 suam
1063 519 1272 559 notificabat,
1297 526 1331 552 et
1354 530 1420 564 ego
1443 520 1480 552 in
1503 530 1588 552 voce
1612 518 1812 552 humilitatis
1834 524 1869 551 et

21 607 22 616 ἵ
41 576 47 584 ‘
71 608 74 611 ,
103 573 310 606 suetudinis
332 574 507 618 geminata
531 573 765 606 dominatione
790 573 921 616 quesivi
943 573 1154 606 audientiam
1178 573 1214 606 in
1237 574 1382 618 synodo,
1406 573 1574 615 promisit,
1599 573 1702 606 michi
1733 572 1868 606 satisfa-

78 646 84 655 ι
106 642 109 643 ’
141 626 337 660 Mediolani
362 627 406 660 de
429 627 599 665 omnibus,
623 638 689 670 que
712 627 873 659 volebam
895 627 1060 659 adversus
1082 627 1192 668 ipsum
1220 627 1425 660 Yordanum
1448 627 1615 669 conqueri
1638 627 1674 658 in
1698 626 1771 669 ipsa
1794 626 1869 658 Ro-

46 685 48 687 ’
67 721 69 727 A
93 690 137 713 ns.
159 681 304 724 synodo.
351 681 458 724 Cujus
480 680 694 723 promissioni
712 686 793 713 tunc
810 679 914 712 malui
937 680 1092 719 credere,
1109 690 1211 722 quam
1228 680 1443 724 synodaliter
1466 681 1664 717 decertare;
1682 679 1764 722 quia
1780 680 1807 711 si
1825 690 1866 711 ea

69 730 233 768 ‘certatio
256 732 388 766 directe
412 739 626 773 tractaretur,
643 739 700 766 aut
715 733 944 766 Grosulanum
961 739 995 765 et
1018 733 1317 776 superimpositum
1341 734 1556 776 dampnaret,
1579 739 1638 765 aut
1660 733 1809 765 divinam
1835 738 1869 765 et

63 779 220 823 ,smauam
242 786 357 829 legem
380 798 459 819 curn
475 787 551 829 ipso
573 797 675 829 papa,
692 807 734 812 —
749 786 847 819 salva
869 786 1065 818 reverentia
1087 786 1179 818 sedis
1203 786 1344 829 copiose
1366 786 1498 831 judicio
1522 787 1589 819 hoc
1606 786 1688 819 dico
1707 805 1742 809 --
1770 796 1869 828 sepe-

66 845 129 873 et.
174 839 421 872 Verumtamen
452 839 613 882 pontifex
642 840 716 882 ipse
741 840 927 872 Yordanus
951 844 1028 882 post
1060 839 1251 871 Victoriam
1277 845 1311 872 et
1341 840 1596 872 ordinationem
1626 839 1736 878 istam,
1766 849 1867 881 quam

62 902 146 931 zome
177 893 340 935 suscepit,
371 893 499 925 nullam
530 892 635 925 michi
667 892 740 926 fieri
764 893 845 925 inde
873 892 1038 937 justitiam
1071 892 1193 925 dilexit
1222 902 1286 926 nec
1317 893 1410 931 fecit,
1441 893 1503 925 sed
1534 892 1716 925 mestitiam
1747 892 1779 924 in
1812 903 1867 924 me

53 962 68 970 --
85 962 91 970 ·
110 947 279 979 ιιειιιεινίι.

118 1045 171 1077 43.
197 1062 238 1068 —-
263 1044 453 1077 Henricum
475 1045 728 1086 imperatorem,
750 1045 787 1076 in
810 1055 879 1087 quo
910 1043 1183 1087 quodammodo'
1207 1043 1399 1086 sperabam,
1429 1044 1503 1085 ipse
1531 1043 1728 1082 Yordanus,
1759 1044 1787 1076 si
1812 1041 1866 1076 fas

106 1097 235 1137 dicere,
258 1107 328 1129 una
351 1108 429 1130 cum
454 1097 547 1130 clero
570 1103 604 1129 et
626 1097 756 1140 populo
779 1108 851 1137 suo,
875 1097 1028 1130 Iohanne
1046 1097 1234 1130 Cremense
1259 1096 1428 1129 cardinali
1452 1097 1613 1129 Romano
1637 1097 1866 1139 precipiente,

46 1168 55 1190 ς
88 1150 222 1194 pulpito
244 1155 362 1184 sancte
385 1151 496 1195 Tegle
519 1150 790 1183 Mediolanensis
813 1150 1135 1183 excommunicavit.
1183 1149 1349 1193 Magnum
1373 1159 1512 1192 quoque
1536 1155 1626 1182 terre
1649 1157 1771 1189 motus,
1795 1150 1864 1193 qui,

31 1203 192 1237 ‘lante
207 1203 216 1220 ¹
240 1204 307 1236 ista
330 1203 701 1245 excommunicatione,
726 1214 870 1247 regnum
900 1202 1210 1246 Longobardorum
1241 1203 1378 1246 penitus
1410 1203 1593 1235 commovit
1623 1210 1657 1235 et
1681 1204 1865 1246 quassavit,

46 1260 86 1297 'je
109 1257 267 1290 nimirum
291 1256 434 1300 vigilem
457 1257 552 1289 fecit.
600 1257 640 1289 In
664 1267 705 1289 eo
729 1257 859 1301 quippe
883 1263 1038 1299 tempore
1062 1263 1194 1300 gentes,
1218 1267 1285 1299 que
1308 1256 1468 1289 viderant
1491 1266 1634 1298 magnas
1663 1256 1778 1289 ruinas
1801 1267 1865 1299 per

35 1316 49 1344 ·-,’
62 1310 183 1343 vitates
206 1317 241 1343 et
264 1309 418 1353 quelibet
440 1310 529 1348 loca,
552 1310 734 1353 presertim
757 1320 822 1352 per
843 1309 1021 1351 ecclesias,
1045 1310 1285 1352 proferebant,
1315 1315 1415 1354 gutas
1445 1309 1622 1353 sanguinis
1652 1310 1697 1341 ad
1727 1310 1865 1342 modum

34 1364 145 1398 uvie
170 1364 213 1397 de
238 1363 327 1397 cello
352 1364 584 1403 descendisse,
607 1369 840 1397 monstruosos
863 1369 982 1406 partus
1004 1369 1038 1396 et
1068 1363 1149 1396 allia
1179 1364 1287 1397 multa
1316 1363 1479 1407 prodigia
1509 1362 1544 1395 in
1576 1374 1667 1401 aere,
1691 1363 1723 1395 in
1756 1364 1866 1406 aquis,

38 1415 211 1458 mribus,
233 1418 386 1460 planitiis
408 1417 569 1460 silvisque
593 1418 733 1457 vidisse,
756 1422 791 1449 et
814 1416 1039 1451 subterranea
1061 1418 1214 1450 tonitrua
1241 1417 1386 1450 audisse.
1432 1417 1478 1450 Et
1493 1417 1528 1449 in
1552 1417 1619 1449 hac
1643 1417 1762 1449 divina
1784 1417 1863 1450 visi-

28 1466 53 1518 {sl
65 1471 160 1505 tione
183 1470 288 1504 etiam
310 1471 369 1509 hii,
394 1471 453 1514 qui
476 1469 683 1503 videbantur
706 1480 779 1503 esse
802 1470 1013 1509 sacerdotes,
1036 1470 1252 1514 ignorabant,
1276 1480 1346 1513 quo
1369 1470 1543 1513 fugerent.

113 1570 166 1602 44.
191 1587 232 1592 —
258 1568 569 1612 Longobardorum
593 1574 708 1600 autem
731 1568 906 1601 civitatem
930 1574 966 1600 et
988 1578 1106 1600 earum
1129 1568 1324 1611 pontifices,
1356 1568 1470 1601 audita
1500 1568 1675 1612 legatione
1707 1569 1866 1601 Yordani

25 1618 49 1664 ἶ
64 1622 280 1664 chiepiscopi
303 1627 338 1654 et
361 1622 540 1654 consulum
564 1621 716 1654 eiusdem
740 1621 846 1659 urbis,
869 1621 904 1653 in
926 1626 1052 1654 statuta
1068 1621 1127 1654 die
1151 1628 1387 1654 convenerunt
1401 1621 1671 1660 Mediolanum‚'
1688 1622 1722 1654 in
1738 1628 1838 1664 prato
1852 1622 1864 1639 ⁸

25 1674 160 1720 ss'licet
183 1675 276 1717 quod
302 1675 432 1708 dicitur
455 1674 617 1707 Brolium.
664 1674 734 1707 Ubi
758 1674 1043 1717 archiepiscopus
1073 1681 1109 1707 et
1139 1675 1299 1707 consules
1330 1675 1399 1708 duo
1430 1675 1564 1707 theatra
1595 1676 1863 1713 constituerunt;

27 1717 42 1729 ’
84 1738 154 1760 uno
178 1728 463 1771 archiepiscopus
486 1738 563 1760 cum
587 1728 762 1770 episcopis
785 1733 820 1760 et
843 1727 1004 1760 abatibus
1026 1734 1062 1761 et
1083 1728 1312 1760 ecclesiarum
1343 1728 1486 1771 prelatis
1508 1729 1602 1761 stetit
1633 1734 1668 1761 et
1690 1729 1795 1766 sedit3
1826 1729 1864 1760 in

24 1787 50 1813 2
60 1787 136 1816 tero
159 1781 319 1815 consules
342 1791 419 1813 cum
435 1781 519 1814 viris
536 1781 650 1825 legum
666 1787 702 1814 et
717 1791 849 1814 morum
878 1782 1012 1824 peritis.
1057 1780 1173 1824 Atque
1190 1782 1226 1813 in
1251 1781 1398 1814 circuitu
1421 1792 1541 1815 eorum
1565 1782 1664 1814 afluit
1687 1782 1865 1814 innumera

24 1834 209 1878 ‘'jjultitudo
232 1834 438 1867 clericorum
463 1840 498 1866 et
520 1834 710 1878 laycorum,
731 1834 913 1867 mulierum
937 1845 1074 1878 quoque
1099 1841 1133 1868 et
1147 1834 1319 1878 virginum
1343 1835 1600 1877 expectantium
1623 1835 1865 1878 sepelitionem

47 1888 188 1921 tiorum
213 1893 247 1920 et
270 1887 525 1921 suscitationem
549 1888 723 1921 virtutum.
771 1888 1017 1921 Verumtamen
1042 1889 1213 1931 presbiter
1236 1889 1373 1921 Olricus
1396 1889 1440 1921 de
1465 1888 1595 1922 Sancto
1618 1889 1782 1927 Martino,
1805 1889 1864 1932 qui

73 1956 81 1969 ·
112 1941 251 1974 domino
274 1952 336 1974 suo
360 1941 567 1980 Grosulano,
591 1942 706 1974 adhuc
730 1942 765 1973 in
790 1942 903 1974 Roma
932 1942 1082 1981 vivente,
1106 1951 1244 1975 crucem
1275 1941 1421 1981 ferebat,
1445 1953 1511 1974 nec
1534 1952 1612 1985 ego,
1636 1943 1695 1985 qui
1721 1953 1785 1985 pro
1809 1953 1863 1975 me

20 1986 172 2039 ζ’ἰεοςιιε
201 1995 376 2039 magistro,
399 1995 534 2027 scilicet
555 1995 751 2037 presbitero
774 1995 953 2038 Liprando
975 1995 1044 2027 iam
1068 1995 1221 2028 Pontidii
1243 1995 1389 2037 sepulto,
1413 1995 1578 2028 iustitiam
1610 1995 1798 2039 querebam
1831 2002 1867 2029 et

21 2053 56 2092 ζ’
89 2059 167 2081 cem
191 2048 383 2091 portabam,
400 2048 434 2080 in
451 2048 590 2090 eloquio
606 2048 667 2081 illo
683 2049 756 2081 sive
779 2054 935 2091 tempore
959 2049 1172 2081 audientiam
1195 2049 1385 2087 habuimus,
1411 2048 1578 2081 Yordano
1601 2049 1809 2091 prohibente
1832 2056 1867 2082 et

86 2112 141 2135 me
165 2102 314 2134 furente.
359 2101 400 2134 In
423 2101 488 2134 isto
512 2111 659 2144 namque
684 2108 840 2144 tempore
857 2108 949 2134 terre
965 2108 1077 2135 motus
1093 2102 1291 2140 Yordanus,
1307 2102 1449 2146 ejusque
1465 2102 1705 2136 vicedominus
1728 2103 1866 2136 Olricus

18 2173 42 2195 5
63 2166 98 2188 ·a
122 2165 198 2188 cum
224 2155 373 2198 quadam
396 2154 498 2188 turba
513 2165 698 2196 pravorum
722 2154 897 2188 hominum
921 2155 1101 2188 descendit
1117 2156 1160 2188 ad
1177 2154 1415 2194 arenchium&
1430 2155 1488 2188 ubi
1504 2155 1620 2199 plures
1635 2155 1794 2188 homines
1810 2167 1864 2188 me

18 2203 168 2242 '“bsente
190 2207 333 2240 invenit.
356 2207 472 2257 Atque
497 2218 574 2240 cum
598 2218 663 2251 ego
679 2218 790 2241 essem
806 2208 943 2251 penitus
959 2208 1059 2252 hujus
1075 2209 1256 2242 concionis
1271 2208 1342 2242 sive
1358 2209 1526 2241 arenchi
1516 2219 1667 2253 ignarus,
1685 2210 1867 2242 Rolandus

16 2260 218 2314 ‚Ablaticus‘
243 2260 412 2294 Lanfredi
435 2271 553 2294 coram
575 2260 744 2294 Yordano
767 2267 911 2304 totaque
934 2261 994 2293 illa
1017 2267 1134 2305 gente,
1158 2263 1322 2295 mentitus
1337 2262 1396 2301 ait,
1412 2273 1466 2294 me
1483 2263 1560 2295 fore
1576 2262 1750 2306 perjurum
1774 2264 1864 2296 Yor-

17 2304 116 2350 f’ani.
163 2313 278 2353 Quem
302 2314 499 2353 Yordanus,
514 2314 680 2347 mendatii
695 2314 796 2347 huius
819 2314 1039 2354 certissimus,
1055 2326 1126 2348 non
1143 2315 1286 2354 corexit,
1302 2316 1366 2348 sed
1389 2315 1568 2348 conticuit.
1613 2316 1865 2349 Vicedominus

118 2432 158 2458 13.
175 2425 278 2451 XXXI.
295 2425 434 2457 jordanus
451 2425 582 2451 Emicum
599 2425 782 2459 imperatorem
799 2426 1015 2457 excommunicat,
1033 2426 1186 2452 Mediolani
1204 2426 1346 2452 consilium
1365 2427 1522 2460 provintiala
1540 2427 1656 2457 celebrat
1675 2435 1692 2453 α
1709 2435 1760 2460 quo
1778 2428 1863 2459 hysto-

16 2467 114 2497 mm
132 2469 328 2500 conquerentem
344 2467 448 2500 expulit

116 2553 140 2580 5.
159 2547 371 2580 dominatione]
391 2548 598 2577 donationeR;
611 2547 634 2573 il
645 2548 727 2573 SAsm
744 2551 860 2581 propone
878 2548 907 2574 di
926 2548 1021 2581 leggere
1041 2550 1194 2574 devotione
1214 2563 1246 2567 ——
1266 2557 1290 2582 9.
1304 2550 1341 2575 Le
1353 2549 1452 2575 limate
1464 2557 1528 2575 sono
1539 2549 1598 2575 dell'
1600 2550 1638 2574 ed.
1653 2551 1774 2574 Panrz-
1787 2549 1863 2583 dico]

20 2586 53 2618 ’Β
70 2591 165 2618 omette,
184 2589 214 2614 N
231 2589 317 2614 invase
335 2589 370 2614 ha
387 2590 466 2614 dicto
486 2603 517 2608 —-
541 2597 579 2614 10.
600 2590 778 2615 Yordanus..
807 2608 814 2615 .
835 2590 930 2624 istam]
943 2591 1085 2623 Jordanus
1104 2599 1187 2622 quam
1207 2591 1314 2616 Romae
1332 2593 1457 2625 suscepit
1482 2594 1548 2626 post
1569 2592 1719 2616 victoriam
1739 2595 1767 2617 et
1787 2593 1864 2616 ordi-

18 2632 175 2661 mationem
194 2632 279 2656 istam
304 2631 348 2656 nei
366 2631 438 2656 codd.
465 2645 498 2650 —
518 2638 559 2664 ²3
578 2632 615 2656 In
632 2632 662 2656 H
680 2632 747 2665 dopo
766 2635 848 2665 prato
866 2632 893 2658 vi
911 2632 924 2658 δ
942 2640 999 2658 una
1017 2634 1044 2665 S,
1062 2633 1106 2658 che
1125 2632 1147 2658 il
1165 2633 1247 2659 Sassr
1266 2633 1333 2666 lagga
1353 2636 1451 2659 sancto
1470 2634 1598 2667 seguendo
1616 2634 1655 2665 R·
1674 2635 1771 2659 mentre
1790 2635 1819 2659 N
1836 2634 1864 2659 la

97 2687 130 2692 —
150 2680 192 2707 33.
210 2673 374 2707 pravorum]
393 2681 548 2706 paucorum
566 2674 595 2698 N

111 2761 119 2778 ¹
139 2761 238 2787 Anche
257 2763 305 2794 qui
325 2761 448 2794 vigilante
465 2762 595 2794 equivale
615 2770 629 2787 a
650 2764 773 2795 vigente.
967 2764 980 2777 “
992 2765 1107 2789 clesiam
1127 2764 1246 2790 Sanctae
1267 2765 1389 2790 Theclae
1410 2766 1466 2790 fult
1484 2766 1625 2798 quoddam
1646 2766 1806 2790 aedificium
1819 2766 1860 2790 di-

111 2802 123 2820 ²
140 2804 165 2829 11
183 2804 309 2829 concillo
329 2805 352 2829 sl
372 2806 458 2829 tenne
477 2805 508 2829 ln
528 2805 638 2829 Milano
660 2805 705 2830 nel
718 2805 851 2837 gennaio-
853 2805 909 2831 feb·
966 2806 1066 2832 “ctum
1086 2807 1190 2836 Arena,
1205 2814 1280 2832 nunc
1293 2807 1400 2832 dicitur
1413 2807 1573 2840 Arengum3
1587 2810 1615 2833 et
1633 2810 1692 2833 erat
1706 2809 1861 2833 rotundum

58 2847 104 2872 sio
125 2852 200 2878 1117
237 2846 274 2872 In
289 2854 384 2878 arengo
402 2846 513 2879 publico.
534 2847 595 2872 dice
609 2848 630 2872 il
645 2847 707 2873 doc.
721 2848 765 2872 del
785 2856 802 2880 4
819 2848 911 2880 luglio
967 2849 1018 2874 “et
1037 2857 1178 2881 magnum,
1197 2850 1278 2873 cuius
1297 2850 1371 2874 muri
1384 2852 1466 2875 erant
1485 2850 1548 2880 alti,
1567 2850 1650 2882 nigro
1664 2852 1692 2875 et
1712 2850 1776 2875 albo
1791 2858 1862 2875 mar-

10 2886 101 2924 3³:17,
119 2889 262 2922 rlportato
280 2889 308 2914 al
328 2897 356 2915 n.
369 2890 381 2913 I
399 2888 459 2922 (pp.
472 2897 499 2922 3-
502 2888 529 2921 4)
543 2889 578 2914 da
590 2889 750 2914 Mnunasx
764 2891 840 2922 negli
854 2890 911 2916 Atti
965 2891 979 2904 ²
991 2899 1068 2916 more
1081 2892 1190 2922 vestiti,
1203 2893 1232 2916 et
1245 2893 1304 2917 erat
1317 2893 1398 2917 loeus
1412 2893 1574 2917 atrocitatis
1593 2894 1683 2925 magis
1696 2901 1779 2925 quam
1794 2901 1860 2918 con-

9 2940 48 2958 ,τ
77 2930 196 2958 Comum
214 2930 243 2955 di
262 2930 370 2956 Milano
386 2930 442 2962 fluo
460 2930 487 2955 al
506 2931 658 2956 MCCXVI
676 2931 807 2964 (Milano,
825 2932 911 2965 1919).
965 2934 1152 2962 «solutionis,
1172 2934 1238 2965 qula
1257 2935 1297 2958 rei
1318 2934 1358 2958 ibi
1379 2934 1570 2967 puniebantur
1573 2951 1668 2967 ......
1706 2934 1752 2960 Cf.
1774 2935 1860 2960 Ρυιιι-

109 2971 120 2988 ³
139 2973 307 3007 Arengario,
328 2973 378 2997 che
392 2973 538 2999 GAvan'o
552 2973 679 2998 anm
694 2973 822 2999 desei-ive
835 2975 911 2999 nella
965 2982 1054 3006 estu,
1074 2976 1153 3000 Mon.
1172 2975 1237 3000 Bas.
1256 2975 1357 3008 Amba,
1377 2985 1403 3002 n.
1423 2984 1485 3009 441·

11 3025 26 3052 3·
43 3012 117 3039 brou.
136 3014 207 3040 Mai.
223 3014 294 3049 (cap.
308 3013 367 3048 43):
384 3014 485 3040 “Inter
504 3016 658 3041 Ecclesiam
673 3017 806 3050 maJorem
819 3019 847 3042 et
860 3017 910 3041 Ec·
1053 3016 1064 3034 ⁴
1083 3016 1155 3043 Cioe
1175 3019 1283 3051 nipote.

1890 2811 1921 2837 15

1887 3024 1922 3043 20

1927 1633 2003 1657 Mun..
2019 1639 2055 1658 50¹
