2288 3476
0 771 8 804 i

6 831 10 849 ι

0 944 7 990 5

0 1938 5 1970 Ι

0 1998 4 2024 Ι

0 2050 3 2067 ι

0 2108 2 2130 Ι

97 249 106 262 ,
133 234 349 268 ‚uss-uso]
616 226 866 263 HISTORIA
893 225 1318 263 MEDIOLANENSIS
1830 227 1875 267 37

82 352 90 361 ⁵
118 374 145 387 ‚·.
188 358 342 397 masculi,
365 358 427 391 sed
450 358 556 392 etiam
578 358 739 391 mulieres
761 364 858 391 tonse
880 364 970 397 sunt,
995 364 1030 391 et
1052 358 1175 392 ciliciis
1198 363 1231 391 et
1254 358 1363 391 laneis
1385 358 1570 391 villissimis
1592 357 1715 397 induti,
1731 358 1775 390 ad
1799 368 1879 401 que-

49 427 52 438 ·
146 411 153 428 '
176 411 337 456 religiosa
360 416 618 449 convertuntur;
639 422 728 455 aqua
744 411 779 443 in
795 411 912 443 vinum
929 417 1092 448 mutatum
1116 412 1282 444 demones
1306 411 1480 454 fugantur,
1497 411 1667 444 contracti
1690 411 1879 454 eriguntur,

50 463 52 470 ’
80 502 82 505 ,
143 475 181 497 nl
203 465 304 498 etiam
320 475 341 496 a
355 473 572 508 quacumque
587 464 784 497 infirmitate
807 464 967 496 similiter
989 469 1152 496 sanantur
1169 467 1189 497 ¹.
1235 465 1279 497 Et
1294 474 1530 508 quoscumque
1553 464 1705 496 infirmos
1722 464 1879 506 captivos

154 518 335 551 olanenses
357 517 530 550 habebant
552 518 596 550 de
621 517 771 550 inimicis
793 517 862 550 suis
884 517 920 549 in
951 518 1116 558 custodia,
1140 517 1223 550 abas
1246 518 1310 550 iste
1340 517 1441 550 solvit
1465 523 1500 550 et
1523 517 1649 550 liberos
1678 517 1824 554 dimisit;
1847 522 1881 549 et

210 571 376 614 populum
399 571 444 604 ad
468 580 618 604 amorem
641 571 861 613 imperatoris
883 571 1016 604 Lotarii
1032 578 1133 614 atque
1150 572 1196 604 ad
1211 571 1442 604 obedientiam
1466 571 1661 604 Innocentii
1675 569 1687 587 ¹
1711 582 1801 614 pape
1817 581 1880 613 per

81 660 86 669 ,Ι
135 630 306 658 amentum
330 623 440 666 panis,
465 624 559 667 quod
581 623 663 656 abas
679 625 752 666 ipse
770 624 916 666 perexit,
940 625 1163 657 confirmavit.
1210 623 1370 657 Tandem
1394 624 1486 656 idem
1510 624 1668 667 populus,
1683 630 1720 657 ut
1736 623 1881 657 haberet

81 669 84 672 ⁴
110 702 113 706 .
161 688 195 710 m
218 677 313 710 illum
337 677 371 709 in
387 677 697 719 archiepiscopum,
714 677 759 709 ad
775 677 956 710 ecclesiam
973 677 1091 710 Sancti
1115 677 1293 710 Laurentii
1303 676 1325 715 ⁸,
1348 678 1384 709 in
1401 688 1468 720 qua
1484 683 1557 709 erat
1580 678 1782 720 hospitatus,
1805 688 1882 710 cum

80 740 84 743 ’
105 748 131 760 ··
126 731 195 764 ·nls
216 735 251 763 et
275 730 434 763 laudibus
456 736 490 763 et
505 731 606 763 solito
621 741 683 763 suo
706 729 817 774 Kyrie
840 730 984 763 cucur-it.
995 730 1002 745 '
1047 730 1152 769 Quod
1176 730 1258 763 abas
1273 730 1333 763 ille
1350 741 1418 763 non
1435 730 1524 770 tulit,
1547 731 1609 763 sed
1624 731 1688 763 ait:
1716 731 1730 747 ‘⁴
1747 731 1823 774 Ego
1846 730 1881 762 in

101 781 104 786 “
136 799 162 811 2:
185 783 241 816 'no
272 783 459 816 ascendam
489 783 709 826 palafredum
732 794 859 819 meum3
884 789 918 816 et
941 783 969 815 si
991 793 1045 815 me
1068 789 1166 816 extra
1189 794 1250 816 vos
1273 784 1472 826 portaverit,
1496 794 1565 817 non
1589 794 1647 816 ero
1669 783 1767 817 vobis
1789 785 1883 827 quod

99 836 209 871 «titis
221 859 252 877 „.
296 835 350 869 Ac
366 835 417 869 sic
433 848 452 869 a
467 835 667 869 Mediolano
682 836 834 868 recessit.
882 836 953 869 Sed
969 835 1109 880 quidem
1125 837 1169 869 de
1185 835 1365 879 discipulis
1380 837 1462 879 ejus,
1478 837 1538 880 qui
1554 843 1802 876 remanserunt,
1818 848 1881 879 per

90 903 93 917 ›
128 895 241 923 utem
257 895 388 928 euntes,
411 889 595 922 collectam
621 889 762 922 multam
791 888 835 921 de
859 900 941 922 auro
965 895 1000 922 et
1023 895 1167 933 argento
1199 895 1234 922 et
1257 889 1359 922 rebus
1389 890 1545 932 pluribus
1575 890 1640 923 sibi
1664 891 1823 923 fecerunt
1846 895 1881 923 et

108 951 117 971 η·
125 948 197 976 unt.

78 1079 80 1082 y
146 1042 199 1074 ⁶2.
223 1058 266 1065 —
287 1040 569 1073 Mediolanenses
591 1050 672 1073 vero
696 1040 865 1073 ordinarii
890 1046 925 1073 et
947 1041 1144 1079 decumani,
1168 1041 1226 1083 qui
1249 1051 1339 1083 pape
1354 1041 1558 1073 Innocentio
1581 1041 1778 1074 fidelitatem
1793 1043 1885 1086 jura-

66 1098 191 1134 rant,
214 1093 404 1127 confortati
429 1093 472 1125 de
496 1093 561 1126 hac
589 1093 899 1126 Mediolanensium
931 1094 1168 1132 conversione,
1198 1094 1361 1126 fecerunt
1381 1093 1592 1127 Litifredum
1623 1094 1882 1134 Novariemem,

64 1142 83 1190 ff*
109 1147 246 1180 idonem
269 1146 510 1189 Yporiensiem
527 1152 562 1179 et
576 1146 675 1179 allios
689 1146 917 1189 suffraganeos
931 1147 1051 1179 venire
1074 1146 1319 1179 Mediolanum.
1366 1146 1436 1185 Qui
1460 1147 1494 1178 in
1511 1147 1677 1180 conscilio
1700 1158 1762 1180 suo
1777 1149 1884 1181 subli-

51 1192 68 1242 ,⁵¹
103 1205 239 1233 verunt
253 1199 454 1232 Robaldum
470 1198 702 1232 Albanensem
718 1200 920 1242 episcopum
936 1199 971 1230 in
987 1199 1283 1232 Mediolanensem
1300 1199 1600 1242 archiepiscopum
1613 1199 1637 1239 ⁴,
1653 1200 1770 1233 habita
1785 1211 1884 1233 secu-

12 1248 15 1251 *
63 1255 70 1291 ζ
90 1258 159 1287 ms
180 1252 366 1291 retinendi,
389 1258 491 1294 prout
514 1253 650 1293 dicitur,
673 1251 906 1285 Albanensem
929 1252 1178 1294 episcopatum.
1224 1253 1294 1285 Isto
1309 1253 1503 1292 sublimato,
1526 1253 1761 1285 Mediolanum
1783 1264 1885 1296 super

58 1308 90 1334 *ἡ
107 1315 311 1340 emonenses
334 1305 523 1338 exercitum
547 1316 644 1338 suum
667 1304 860 1342 admovit⁵3
885 1305 929 1337 de
952 1315 1020 1349 quo
1036 1306 1191 1338 exercitu
1212 1305 1277 1348 ipsi
1301 1305 1552 1339 Cremonenses
1575 1306 1881 1348 apprehenderunt

113 1364 120 1389 1
148 1359 285 1398 milites,
309 1359 345 1391 in
369 1364 471 1392 nocte
495 1363 640 1391 erantes.

62 1498 66 1505 .
147 1457 200 1490 63.
227 1475 268 1480 —
291 1455 475 1489 Anselmus
503 1462 617 1489 autem
640 1457 685 1490 de
714 1456 883 1496 Pusterla,
913 1457 1058 1489 audiens
1080 1462 1115 1489 et
1137 1457 1321 1500 inteligens
1352 1458 1474 1490 horum
1501 1457 1645 1491 militum
1676 1459 1884 1500 captionem,

11 1503 12 1507 ¹
52 1503 82 1557 52
109 1511 149 1542 h
171 1510 300 1543 nullam
322 1509 477 1552 suscepit
506 1509 779 1543 consolationem
803 1515 924 1542 contra
955 1510 1107 1543 Robaldi
1137 1510 1422 1549 sublimationem,
1444 1521 1557 1554 neque
1587 1512 1776 1544 secundum
1804 1522 1885 1545 con-

47 1556 70 1590 3
100 1565 109 1573 '
125 1564 196 1598 ium
217 1562 354 1596 Alberti
376 1563 421 1595 de
443 1563 645 1596 Landriano
669 1569 704 1595 et
725 1563 913 1596 amicorum
936 1564 1010 1607 ejus
1033 1564 1232 1597 ambulavit.
1278 1564 1350 1597 Sed
1373 1565 1535 1597 credulus
1559 1565 1675 1608 Ugoni
1705 1576 1766 1598 suo
1790 1566 1884 1599 Naso

40 1617 169 1663 {If-oluit
191 1626 414 1661 cognoscere,
437 1617 585 1660 qualiter
608 1626 686 1649 cum
715 1617 899 1655 Anacleto‚
921 1628 1047 1660 papam
1069 1618 1318 1657 Romanorum,
1341 1623 1457 1660 posset
1478 1619 1680 1660 procedere.
1725 1618 1888 1652 Attamen

4 1709 7 1711 ‚
44 1670 136 1708 'sjme
159 1680 238 1703 cum
261 1670 326 1703 isto
348 1680 410 1702 suo
434 1669 617 1712 capellano
641 1669 819 1702 ambulans
843 1671 1002 1709 Romam,
1017 1671 1054 1703 in
1077 1670 1216 1702 flumine
1239 1671 1328 1704 Padi
1343 1671 1438 1703 iuxta
1460 1671 1639 1705 Ferariam
1662 1682 1682 1704 a
1705 1672 1825 1716 Goyzo
1842 1673 1887 1705 de

45 1753 73 1766 s
104 1723 286 1766 attinengo
310 1729 431 1766 captus
453 1728 504 1755 est
526 1729 560 1755 et
575 1723 621 1755 ad
651 1723 888 1756 Innocentium
911 1734 1037 1766 papam
1059 1725 1287 1757 transmissus.
1332 1724 1403 1763 Qui
1419 1735 1511 1768 papa
1526 1724 1563 1756 in
1578 1735 1694 1758 mense
1718 1725 1851 1769 augusti
1867 1736 1887 1757 a

170 1776 269 1808 illum
293 1782 433 1819 captum
456 1775 602 1809 Romam
625 1775 732 1814 misit;
756 1775 886 1819 ibique,
910 1782 1012 1818 prout
1034 1777 1128 1809 fama
1151 1782 1212 1814 est,
1235 1776 1421 1810 Anselmus
1443 1777 1502 1810 ille
1519 1778 1556 1810 in
1576 1779 1699 1810 eodem
1722 1789 1838 1811 mense
1854 1779 1888 1811 in

61 1838 86 1875 ζ’·
103 1845 106 1856 1
126 1840 165 1862 ιιι
187 1829 284 1862 Petri
313 1829 410 1862 Latri
423 1828 446 1867 ⁶,
470 1829 528 1872 qui
559 1835 763 1871 procurator
791 1835 843 1862 est
865 1829 1070 1868 Innocentii,
1100 1831 1206 1863 vitam
1235 1830 1344 1863 finivit
1355 1828 1377 1862 ⁷.
1424 1829 1516 1863 'Hiis
1540 1830 1658 1873 itaque
1679 1831 1889 1873 perpetratis

58 1898 96 1921 χ’
122 1882 321 1925 captionem
344 1881 497 1914 Anselmi
514 1882 559 1914 de
574 1881 740 1923 Pusterla,
756 1882 884 1914 vexilla
899 1882 1210 1915 Mediolanensium
1226 1888 1261 1915 et
1275 1893 1393 1915 eorum
1410 1884 1548 1927 agmina
1572 1889 1676 1926 capta
1693 1890 1750 1917 aut
1765 1884 1884 1928 fugata

41 1947 58 1981 ᾗ
72 1934 73 1937 ’
102 1941 141 1968 nt
161 1946 182 1968 a
204 1934 444 1977 Papiensibus,
466 1934 560 1967 velut
583 1934 759 1967 mitissima
781 1935 896 1967 ovium
919 1945 1057 1977 pecora.
1103 1935 1311 1968 Instantibus
1326 1935 1433 1979 igitur
1448 1936 1514 1968 hiis
1528 1937 1728 1969 infortuniis
1749 1937 1888 1969 Medio-

44 1990 85 2021 ἰ
104 1998 154 2028 o,
177 1994 213 2021 et
228 1986 392 2020 Anselmo
408 1993 512 2030 prout
526 1998 631 2030 supra
654 1988 787 2020 dictum
803 1994 856 2020 est
870 1995 1016 2027 mortuo,
1040 1987 1232 2028 Robaldus,
1249 1988 1404 2032 ejusdem
1428 1989 1577 2022 civitatis
1599 1990 1889 2033 archiepiscopus,

32 2042 81 2091 ἢ·
94 2041 155 2074 isis
183 2041 387 2075 Innocentio
417 2051 508 2083 pape
536 2041 674 2085 juravit,
697 2046 732 2073 et
754 2041 901 2085 jurando
932 2041 1127 2075 libertatem
1158 2042 1306 2075 ecclesie
1342 2042 1598 2075 Mediolanensi
1621 2043 1657 2074 in
1681 2044 1890 2076 contrarium

36 2083 245 2152 §convertit

32 2168 51 2182 ,1,

152 2194 204 2225 64.
229 2208 270 2214 -
294 2191 402 2225 Adito
424 2202 561 2235 quoque
585 2192 650 2225 isto
674 2192 877 2233 infortunio,
900 2193 1088 2235 imperator
1111 2194 1283 2235 Lotarius,
1308 2204 1386 2226 cum
1402 2194 1618 2237 principibus
1640 2195 1887 2239 cujuscumque

32 2243 242 2291 dignitatis
263 2245 359 2278 venit
381 2245 419 2278 in
440 2245 816 2289 Longobardiam.1n
839 2247 937 2290 cujus
959 2247 1082 2282 castris
1104 2247 1168 2279 iste
1181 2246 1193 2264 ⁸
1215 2247 1406 2279 Mediolani
1422 2257 1500 2280 cum
1516 2248 1584 2280 suis
1606 2249 1822 2291 suffraganeis
1846 2250 1890 2281 ad

32 2305 182 2353 *nutum
209 2298 424 2341 imperatoris
455 2298 773 2337 circumferebatur,
796 2298 844 2332 et'
877 2299 1157 2332 circumferendo
1182 2300 1495 2333 excommunicavit
1523 2301 1784 2339 Cremonenses,
1809 2303 1890 2344 quia

34 2345 136 2397 juon
158 2352 360 2386 rediderunt
382 2351 580 2393 imperatori
601 2351 892 2390 Mediolanenses,
915 2352 1211 2385 Cremonensium·
1235 2354 1375 2385 vincula
1398 2358 1433 2386 et
1455 2355 1651 2396 captionem
1674 2355 1887 2388 sustinentes.

30 2414 52 2449 5,
67 2405 380 2440 Mediolanensium
401 2405 505 2448 igitur
527 2405 711 2444 exercitus,
733 2406 948 2438 confortatus
969 2407 1145 2448 presentia
1168 2406 1383 2449 imperatoris
1398 2412 1433 2439 et
1449 2407 1588 2440 vinculo
1612 2409 1891 2442 excommunica-

156 2545 198 2571 27.
216 2539 316 2565 XLIII.
328 2538 463 2564 Robaldus
475 2538 631 2564 Innocentio
642 2541 711 2571 papa
722 2539 873 2571 fidelitatam
886 2540 966 2571 jurat,
978 2540 1115 2565 Lotarium
1128 2541 1311 2572 imperatorem
1324 2541 1410 2571 sotiat,
1422 2543 1446 2565 ιι
1459 2542 1675 2567 Cremonensium
1688 2544 1774 2568 castra
1785 2543 1891 2569 dirruit.

28 2583 45 2626 ξεῖ

157 2634 200 2653 21.
219 2626 302 2661 proh]
319 2628 401 2660 probi
420 2627 449 2652 N
466 2626 571 2660 (meglio
589 2626 702 2660 probe);
721 2627 746 2651 R
763 2635 812 2652 om.
831 2627 857 2652 la
875 2628 968 2660 parola

28 2696 51 2789 ἕξ
154 2714 160 2731 “
181 2715 231 2740 Sul
250 2715 381 2740 miracoli
402 2716 431 2739 di
451 2715 506 2740 San
520 2714 665 2740 Bernardo
679 2715 710 2739 in
725 2715 836 2740 Milano
849 2714 885 2740 cf.
897 2716 953 2741 Pu-

65 2764 190 2787 mcum,
208 2757 286 2782 Mon.
304 2756 391 2783 Basil.
407 2756 537 2786 Ambros.¹
555 2757 584 2782 al
604 2765 631 2782 n.
650 2756 700 2789 3⁶5
720 2765 735 2781 e
753 2764 812 2789 sgg.

152 2798 164 2816 ²
182 2799 228 2825 Cf.
247 2799 393 2832 l’epistola
411 2799 440 2824 di
467 2800 526 2824 San
551 2800 712 2824 anno
737 2799 772 2824 ad
796 2799 953 2825 Ricbinzam

44 2847 46 2849 ’
67 2841 262 2875 (matricem
283 2840 367 2875 (137).

28 2892 30 2897 ’
154 2882 167 2900 ³
185 2885 309 2909 Basilica
328 2885 358 2909 di
376 2884 433 2909 San
451 2883 578 2909 Lorenzo
597 2883 754 2917 Maggiore.

152 2925 164 2942 ⁸
181 2925 312 2951 Robaldo
332 2927 362 2951 su
380 2927 469 2952 elesto
489 2928 675 2951 arclvescovo
700 2927 730 2951 di
756 2927 868 2951 Milsno
894 2927 916 2952 ll
935 2934 950 2960 3

32 2969 168 3002 ,agusto
188 2973 253 3001 2135
277 2969 327 3000 (ef.
347 2968 447 2998 Savio,
467 2976 494 3001 p.
512 2967 585 3001 490).

154 3011 166 3029 ὖ
184 3009 230 3036 Cf.
249 3011 360 3036 San-cn
380 3011 565 3042 Bmunumm,
583 3013 631 3043 sp„
650 3018 703 3043 3¹4
722 3009 786 3044 (op.
803 3010 826 3042 1,
845 3009 917 3044 295).

1092 2715 1103 2732 θ
1123 2717 1220 2742 Pietro
1234 2717 1374 2748 Ladrone,
1388 2719 1424 2743 es.
1438 2718 1496 2744 ΚΕ.
1509 2718 1552 2744 ΙΙ.
1566 2718 1624 2750 SS.,
1638 2719 1678 2743 111
1692 2718 1769 2750 (Vita
1781 2718 1846 2745 Inn.
1860 2719 1893 2744 ΙΙ

1006 2766 1037 2784 ox
1055 2759 1126 2784 card.
1147 2760 1308 2791 Aragonio);
1325 2761 1495 2791 Ducunsrm,
1515 2763 1557 2793 op.
1572 2761 1624 2790 cit„
1638 2761 1672 2790 11,
1686 2766 1745 2793 315,
1759 2767 1819 2794 317,
1833 2760 1894 2794 382.

1093 2800 1103 2816 ⁷
1123 2801 1262 2826 Anselmo
1281 2800 1356 2826 mori
1376 2803 1405 2826 in
1424 2803 1515 2828 Roma
1535 2801 1554 2825 il
1578 2810 1609 2834 ¹4
1629 2804 1729 2834 agusto
1747 2802 1822 2835 1136,
1835 2810 1850 2827 e
1864 2804 1894 2828 fu

1006 2843 1116 2877 sepulto
1135 2844 1166 2868 in
1185 2843 1240 2869 San
1260 2844 1408 2869 Glovanni
1428 2846 1459 2868 ln
1478 2845 1620 2869 Laterano
1639 2845 1687 2876 (cf.
1701 2852 1785 2877 supra
1799 2853 1825 2871 n.
1839 2845 1893 2879 43).

1093 2883 1104 2900 ⁵
1123 2884 1384 2917 L'accampamento
1404 2887 1551 2918 imperiale
1564 2893 1609 2910 era
1623 2893 1640 2911 a
1653 2885 1816 2911 Guastalla:
1831 2887 1894 2912 cola

1005 2928 1154 2952 trovavasi
1173 2927 1303 2952 Robaldo
1323 2927 1382 2960 (iste
1407 2927 1622 2960 archiepiscopus
1646 2928 1818 2960 Mediolani).
1855 2930 1895 2954 Dl

1005 2971 1103 3001 questa
1123 2969 1286 3001 spedizione
1306 2970 1337 2994 di
1355 2970 1476 2995 Lotario
1502 2971 1547 2994 nel
1569 2970 1637 3002 1136
1662 2971 1742 3003 parla
1767 2970 1894 2996 Orrozm

1006 3017 1037 3035 m
1056 3011 1203 3036 Fmsch
1223 3011 1299 3036 nella
1317 3011 1422 3041 Chron..
1442 3012 1492 3036 nb.
1511 3011 1573 3042 VII,
1592 3020 1614 3038 c.
1638 3019 1677 3045 19.

1962 426 1982 441 ε.
1996 421 2045 445 81r

1948 742 2023 766 Mun..
2039 743 2078 766 51⁶

1942 1842 2016 1867 Mum,
2032 1847 2070 1867 ⁵¹7

1925 2896 1954 2922 ¹5

1953 2367 2028 2391 Μυκ..
2043 2368 2082 2392 5¹⁸
