2288 3476
650 263 882 300 EPITOME
911 262 1240 299 POLIRONESE
1791 262 1804 296 l
1818 261 1860 297 15

36 334 63 354 9⁴⁴·-
64 337 1861 348 ................................................................................................................................................................................................

9 424 11 426 ,
40 379 53 431 ¹⁴
71 391 148 420 utre
170 386 363 425 famelicus,
387 397 570 429 suspensus
592 386 637 419 ad
659 397 758 419 escas
780 387 939 424 existens,
963 396 999 418 se
1023 386 1120 418 cervi
1144 385 1323 417 cuiusdam
1341 383 1489 417 amicitia
1513 384 1674 428 languere
1690 383 1866 421 confinxit,

6 454 7 458 ¹
34 440 115 485 322’it
136 446 174 472 ut
196 450 232 472 se
256 440 426 472 visitatum
450 440 590 473 concito
612 450 733 484 gressu
755 440 901 472 veniret.
946 437 1078 471 Cervus
1101 439 1206 482 igitur
1229 448 1307 470 cum
1330 438 1491 475 venisset,
1514 447 1611 469 ursus
1635 436 1707 469 eius
1729 436 1867 469 adhesit

40 488 179 525 ‘rieule
202 503 346 536 eamque
378 493 590 535 discerpens,
621 493 731 535 ipsam
756 493 859 525 etiam
890 491 1061 535 unguibus
1091 491 1271 528 laceravit;
1296 501 1418 523 cervus
1449 491 1588 523 tandem
1618 490 1739 522 evasit.
1784 488 1866 521 Post

0 563 6 590 j
35 537 115 586 'saec
137 556 271 579 rursum
293 556 357 588 pro
383 556 486 578 cervo
509 546 696 585 mandavit,
719 545 927 588 promittens
950 545 982 577 ei
1005 555 1132 588 magnav
1152 554 1296 576 munera
1318 543 1346 576 si
1377 544 1518 576 veniret.
1565 543 1699 576 Cervus
1728 542 1866 581 inscius,

3 635 5 638 ,
30 603 62 633 t
85 599 288 632 offensionis
311 598 450 638 oblitus,
472 599 599 632 iterato
621 599 815 638 revertitur,
839 599 896 642 qui
912 609 991 631 urso
1007 599 1149 640 propius
1164 598 1338 630 accedens
1361 597 1498 630 residua
1513 607 1590 630 eum
1607 596 1756 640 privavit
1778 595 1866 628 auri-

85 663 117 691 a,
138 653 259 695 sicque
291 652 429 685 delusus
461 663 584 685 cervus
614 652 715 685 rediit
746 653 958 694 deturpatus.
1005 651 1126 684 Tertio
1156 651 1298 683 tandem
1327 661 1408 683 urso
1438 661 1502 693 pro
1534 660 1638 683 cervo
1668 650 1866 687 mandante,

5 751 7 754 ι
66 705 169 738 cebat
191 706 282 738 enim
305 716 342 738 se
365 715 491 749 magna
515 716 593 738 cum
616 715 659 738 eo
682 705 777 751 loqui
808 706 966 738 incautus
997 715 1119 737 cervus
1149 704 1302 737 advenit.
1348 702 1413 736 Cui
1442 714 1540 736 ursus
1569 702 1737 741 arridens,
1761 703 1865 735 dente

32 759 104 799 ⁴utu
126 763 271 800 repente
295 764 330 791 et
352 769 466 802 ungue
492 758 672 801 discerpit,
695 759 834 801 vitaque
857 759 1029 801 privatum
1052 757 1147 800 vulpi
1178 757 1362 790 assandum
1385 756 1493 795 dedit,
1517 766 1618 800 quem
1651 756 1731 788 dum
1755 766 1866 788 assum

73 826 99 839 :n
128 811 250 853 vulpes
274 817 516 853 presentasset,
540 822 602 845 cor
624 811 717 843 illius
739 822 759 843 a
783 811 886 853 vulpe
910 811 974 844 sibi
998 811 1074 843 dari
1097 811 1253 853 expetiit.
1301 810 1365 843 Cui
1396 810 1518 852 vulpes
1548 821 1689 842 cervum
1712 819 1774 843 cor
1796 819 1866 842 non

32 856 187 900 &baisse
210 865 398 906 respondit.
444 865 555 897 Ursus
576 875 660 897 vero
678 865 758 896 dum
775 874 914 907 prorsus
938 874 1075 896 cervum
1094 874 1154 895 cor
1168 863 1327 896 habuisse
1345 863 1582 902 contenderet,
1601 869 1634 896 et
1648 863 1737 895 illud
1752 863 1865 896 statim

43 935 45 944 v
66 918 92 950 ·i
115 917 190 951 dari
213 917 330 959 vellet,
355 919 476 960 vulpes
500 918 566 950 ait:
595 918 712 949 “Dum
736 918 804 950 tuis
827 918 931 950 tertio
962 927 1087 949 cervus
1117 916 1341 959 petitionibus
1364 917 1415 948 sic
1440 918 1615 948 annuisset
1642 916 1865 959 improvidus,

32 965 167 1004 &corde
190 981 267 1003 eum
291 971 443 1004 caruisse
465 971 625 1013 protinus
649 971 939 1013 comprobatur„.
985 971 1062 1002 Hac
1085 976 1224 1002 narrata
1248 969 1392 1010 fabulla,
1417 976 1451 1002 et
1474 981 1537 1002 cur
1559 970 1617 1002 ille
1634 981 1709 1002 eam
1733 970 1867 1003 dixerat

0 1016 2 1018 ¹
32 1066 34 1071 ,
61 1029 112 1057 tto
126 1024 334 1068 intelligens,
357 1024 454 1066 turri,
479 1024 658 1057 obsidione
681 1023 838 1061 durante,
862 1023 1008 1066 amplius
1031 1034 1101 1056 non
1124 1023 1316 1062 descendit,
1338 1023 1422 1056 utile
1445 1023 1511 1056 sibi
1536 1023 1732 1066 exemplum
1756 1034 1867 1056 reser-

41 1073 47 1114 J
79 1093 85 1106 ι
112 1100 121 1110 .
166 1078 256 1110 Dum
279 1088 361 1110 vero
384 1076 494 1110 tribus
516 1078 616 1109 annis
640 1083 675 1109 et
697 1077 874 1109 mensibus
897 1087 958 1108 sex
980 1077 1073 1119 apud
1097 1076 1284 1108 canossam
1309 1077 1530 1118 perdurasset
1554 1077 1689 1109 obsidio
1706 1077 1867 1116 crudelis,

29 1128 43 1174 f
59 1136 111 1164 tto
141 1130 238 1164 tedio
261 1130 420 1169 affectus,
444 1130 642 1172 imperatori
664 1130 802 1172 scripsit
825 1130 944 1162 Ottoni
968 1135 1004 1162 ut
1027 1129 1262 1172 promissionis
1286 1128 1367 1161 olim
1390 1128 1455 1161 sibi
1479 1130 1584 1168 facte,
1609 1130 1689 1161 dum
1705 1129 1754 1161 illi
1770 1130 1867 1162 Ade-

43 1219 46 1223 .
62 1183 157 1217 idam
173 1184 350 1227 copulavit
370 1183 526 1227 reginam
550 1192 619 1215 non
635 1183 825 1221 immemor,
851 1183 882 1214 ei
907 1193 1091 1216 accurrere
1115 1182 1241 1214 auxilio
1266 1192 1335 1214 non
1360 1183 1512 1215 differat.
1559 1183 1640 1216 Otto
1669 1183 1775 1227 igitur
1797 1183 1869 1216 col-

36 1239 117 1281 b'cto
139 1242 346 1270 armatorum
369 1237 562 1269 exercitum
577 1236 612 1268 in
636 1246 756 1279 agrum
781 1235 1020 1269 Veronensem
1044 1235 1198 1275 advenit,
1220 1235 1423 1277 Padumque
1447 1236 1618 1268 transiens
1634 1245 1710 1268 cum
1735 1236 1865 1268 Beren-

0 1282 2 1286 ’
91 1289 125 1322 ὀ
141 1295 263 1332 aperto
286 1295 395 1322 marte
417 1295 518 1332 parat
541 1289 738 1332 confligere.
778 1290 884 1328 Quod
908 1289 1052 1322 audiens
1069 1289 1301 1331 Berengarius
1318 1288 1433 1320 statim
1450 1289 1493 1321 ab
1510 1289 1689 1322 obsidione
1713 1290 1866 1322 secessit.

28 1364 30 1373 .
55 1343 91 1376 ui
105 1343 142 1376 in
157 1343 258 1376 Prato
282 1342 439 1376 Fontane
455 1343 644 1386 imperator
659 1343 780 1375 obvius
797 1343 910 1375 factus
925 1343 1049 1387 grandi
1066 1342 1180 1375 subito
1197 1348 1316 1374 exorto
1334 1342 1495 1381 clamore,
1510 1342 1602 1375 inter
1618 1343 1866 1386 Berengarium

30 1391 44 1434 ’,
95 1396 259 1430 Ottonem
290 1397 394 1430 initur
423 1396 582 1439 prelium.
627 1396 807 1440 Pugnatur
841 1396 970 1428 acriter
999 1395 1173 1438 utrinque:
1206 1395 1305 1427 multi
1337 1401 1452 1428 tamen
1485 1396 1555 1428 cesi
1586 1402 1674 1438 sunt,
1705 1396 1869 1439 multique

28 1449 164 1492 mortui.
209 1449 411 1493 Berengarii
441 1450 614 1482 exercitus
641 1455 740 1493 terga
762 1450 877 1482 vertit:
911 1450 1062 1492 dumque
1088 1449 1262 1492 fugientes
1292 1449 1544 1492 Longobardos
1566 1448 1752 1481 Alemanni
1777 1450 1867 1481 inse-

29 1492 43 1528 ⁸
52 1508 226 1540 ueremur,
249 1502 478 1546 Berengarius
509 1503 654 1545 capitur,
678 1509 712 1535 et
743 1503 862 1535 Ottoni
893 1508 1126 1545 presentatur;
1159 1512 1272 1544 quem,
1305 1502 1457 1534 vinctum
1490 1502 1726 1544 compedibus,
1751 1503 1866 1544 quoad

30 1555 125 1604 fixit,
155 1556 331 1598 captivum
355 1555 505 1588 retinuit.

28 1631 44 1659 ”ι
853 1636 956 1669 ΟΑΡ.
982 1636 1043 1668 ΙΙΙ.

30 1696 46 1706 ‚
142 1706 197 1740 De
219 1707 332 1750 prelio
354 1708 444 1740 inter
468 1708 690 1740 Adalbertum
713 1719 834 1751 regem
859 1708 960 1740 Italic
982 1712 1015 1739 et
1036 1707 1206 1750 Litugfum
1232 1706 1365 1739 Ottom's
1388 1708 1608 1751 imperatoris
1622 1708 1746 1750 filium.

116 1813 200 1846 Post
223 1814 289 1847 hec
311 1813 523 1847 Adalbertus
553 1814 754 1857 Berengarii
780 1814 867 1847 filius
892 1825 911 1847 a
934 1813 1177 1858 Longobardis
1207 1814 1410 1846 sublimatur
1433 1815 1469 1846 in
1499 1823 1626 1857 regem.
1672 1813 1740 1846 Hic
1765 1813 1868 1845 armis

28 1885 48 1893 >1
78 1877 185 1900 enuus
208 1878 332 1910 pacem
357 1877 435 1900 cum
459 1868 588 1901 Attone
612 1878 798 1911 numquam
822 1868 941 1900 voluit.
989 1867 1072 1900 Atto
1103 1878 1186 1900 vero
1217 1877 1322 1910 sagax
1352 1867 1504 1911 ingenio,
1536 1872 1571 1899 et
1602 1867 1717 1900 animo
1748 1867 1867 1905 fidens,

26 1908 32 1946 ἰ’
59 1930 215 1953 anossam
240 1921 408 1963 oppidum
439 1921 644 1954 necessariis
674 1921 830 1954 munivit.
876 1920 1089 1954 Adalbertus
1119 1930 1256 1963 quoque
1287 1931 1349 1953 rex
1381 1920 1548 1963 oppidum
1579 1920 1689 1962 ipsum
1721 1920 1867 1952 obsedit.

26 1969 76 2004 3¹³·
93 1984 187 2017 nque
217 1973 392 2006 mensibus
423 1974 566 2018 triginta
588 1974 623 2006 in
648 1974 1047 2012 obsidione-mansisset,
1071 1974 1155 2006 Atto
1186 1973 1367 2006 Adalberti
1398 1973 1493 2016 regis
1525 1973 1672 2005 animum
1705 1974 1871 2005 adversus

89 2026 212 2059 videns
234 2027 458 2070 pertinacem,
482 2038 614 2059 rursum
638 2027 729 2059 misit
753 2026 882 2069 Ottoni,
906 2033 943 2059 ut
966 2027 1038 2059 eius
1060 2033 1200 2069 sperato
1224 2026 1289 2059 sibi
1312 2026 1466 2059 subsidio
1489 2036 1558 2058 non
1582 2026 1757 2064 deficiens,
1782 2026 1868 2068 ipse,

16 2072 87 2125 3¹vel
110 2080 199 2113 filius
219 2080 383 2119 Litulfus‚
407 2080 472 2113 sibi
497 2081 634 2114 adesset
657 2081 810 2113 obsesso.
856 2081 939 2114 Otto
955 2081 1071 2124 itaque
1094 2080 1199 2112 filium
1223 2090 1321 2112 suum
1336 2079 1514 2121 Litulfum,
1539 2090 1616 2112 cum
1640 2079 1734 2112 mille
1758 2090 1869 2111 arma-

27 2130 73 2180 'iis
95 2133 162 2166 sibi
184 2134 275 2166 misit
298 2134 435 2173 auxilio,
459 2135 519 2176 qui
544 2134 578 2165 in
609 2134 742 2167 Italiam
774 2134 918 2166 veniens
948 2134 1124 2167 Veronam
1155 2133 1306 2166 intravit.
1353 2132 1460 2171 Quod
1484 2133 1629 2166 audiens
1659 2132 1869 2165 Adalbertus

16 2186 91 2226 ,fex
113 2186 293 2219 obsidione
315 2187 437 2220 relicta
459 2186 634 2230 Basigium
657 2187 823 2229 perrexit.
868 2186 1022 2220 Litulfus
1044 2196 1128 2219 vero
1153 2186 1296 2219 Verona
1311 2186 1440 2224 exiens,
1464 2186 1662 2228 vespertina
1679 2186 1763 2218 hora
1789 2186 1867 2217 Bat-

29 2235 121 2286 onnis
144 2244 279 2282 pratum
304 2239 454 2278 advenit,
477 2239 537 2272 ubi
561 2241 682 2273 aderat
704 2239 805 2277 Atto;
831 2251 850 2272 a
868 2250 936 2283 quo
960 2245 1140 2282 susceptus
1163 2239 1321 2271 hilariter
1342 2241 1356 2256 ‘⁴
1371 2239 1465 2271 Male
1482 2264 1496 2280 „
1515 2239 1625 2282 inquit
1642 2238 1725 2271 Atto
1746 2241 1869 2282 “gato-

26 2291 52 2339 ,ξ
63 2303 143 2325 nem
166 2302 244 2324 cum
267 2304 361 2325 mure
378 2294 421 2325 ‘in
437 2299 535 2326 arcto
559 2293 677 2326 saculo
693 2293 793 2325 simul
817 2303 890 2326 esse
915 2293 1025 2325 fertur
1040 2318 1068 2334 „.
1114 2291 1172 2324 Ad
1188 2302 1288 2335 quem
1311 2291 1474 2330 Litulfus,
1490 2298 1527 2325 ut
1544 2292 1611 2324 hoc
1627 2291 1692 2324 sibi
1709 2291 1870 2324 enuclea—

104 2346 254 2389 enigma,
277 2346 466 2389 respondit.
515 2347 529 2363 ‘⁴
545 2346 625 2379 Non
649 2347 763 2385 decet,
787 2346 897 2389 inquit
919 2346 1014 2384 Atto,
1037 2346 1125 2379 duos
1149 2345 1330 2378 comitatus
1357 2345 1390 2377 in
1414 2355 1482 2378 uno
1509 2345 1644 2377 homine
1660 2345 1759 2377 simul
1785 2354 1869 2376 esse.

30 2394 52 2437 {⁸-
62 2398 247 2441 Capiamus
261 2399 370 2444 igitur
391 2398 525 2442 “inquit
536 2424 550 2439 „
571 2399 767 2441 Litulphus,
783 2399 976 2438 consilium,
993 2399 1077 2443 quid
1093 2399 1196 2431 simus
1212 2398 1322 2430 acturi
1338 2421 1367 2438 „.
1390 2397 1475 2430 Atto
1491 2398 1690 2440 respondit:
1711 2398 1725 2414 “
1735 2398 1869 2430 Bonum

28 2442 114 2490 sffest
127 2458 231 2485 nocte
253 2452 319 2485 hac
342 2453 379 2484 in
401 2462 485 2496 agro
508 2453 573 2485 isto
597 2452 788 2495 quiescere,
813 2459 847 2485 et
870 2452 1026 2494 corporis
1050 2461 1132 2484 cure
1155 2451 1359 2489 insistentes,
1385 2451 1442 2494 qui
1466 2451 1648 2484 Adalberti
1681 2450 1868 2483 exercitum

31 2492 232 2548 *explorem
255 2505 426 2538 mittamus
439 2528 469 2545 „.
516 2505 622 2544 Quod
639 2512 674 2538 et
688 2506 819 2538 factum
841 2511 903 2538 est.
921 2505 1098 2539 Reversus
1122 2504 1226 2547 igitur
1242 2503 1399 2542 nuncius,
1415 2503 1543 2536 Attone
1558 2505 1689 2546 primus
1711 2505 1867 2536 invento:

63 2557 170 2590 Tanti
186 2564 264 2590 sunt
274 2582 289 2598 „
317 2559 430 2601 inquit
457 2559 472 2574 ‘⁴
487 2559 612 2596 hostes,
628 2565 666 2590 ut
682 2559 710 2590 si
726 2559 835 2591 nostri
858 2559 1011 2601 pecudes
1035 2563 1161 2594 essent,
1177 2557 1220 2589 ab
1237 2556 1286 2589 eis
1302 2557 1439 2589 comedi
1463 2564 1612 2599 possent,
1658 2557 1759 2588 Tunc
1775 2556 1870 2595 Atto,

31 2610 205 2643 'lentium
228 2612 347 2644 nuntio
371 2612 561 2653 imponens,
586 2611 630 2643 ad
654 2610 824 2643 Litulfum
847 2612 1008 2651 accessit,
1031 2617 1066 2643 et
1088 2615 1219 2643 retorta
1241 2610 1414 2643 sententia
1444 2610 1559 2642 nuncii
1583 2609 1690 2642 verba
1714 2609 1869 2642 mutavit.

22 2617 38 2705 ig
57 2663 191 2704 Adeo„
220 2664 330 2707 inquit
358 2666 373 2682 ‘⁴
387 2664 489 2707 pauci
511 2670 590 2697 sunt
612 2665 738 2704 hostes,
760 2671 798 2697 ut
813 2665 840 2697 si
864 2665 1023 2697 bidentes
1046 2664 1149 2696 assati
1173 2669 1296 2701 essent,
1319 2674 1436 2696 eorum
1461 2674 1529 2695 non
1553 2663 1748 2696 sufficerent
1772 2662 1870 2695 nobis

22 2704 46 2807 ἓ
61 2732 64 2743 2
91 2728 153 2751 nes
165 2741 196 2758 ,μ
242 2719 408 2751 Hortatur
423 2718 538 2761 itaque
554 2718 725 2751 Litulfum
741 2724 780 2750 ut
795 2719 899 2750 armis
914 2718 1097 2760 assumptis
1113 2717 1219 2749 irruat
1232 2717 1270 2748 in
1287 2716 1470 2749 Adalberti
1487 2717 1686 2749 exercitum.
1718 2716 1869 2749 Litulfus

35 2771 147 2823 ·'tur,
163 2777 409 2814 prorumpente
433 2781 566 2809 aurora,
591 2781 669 2803 cum
693 2771 763 2803 suis
787 2771 925 2804 armatis
948 2772 1036 2804 clam
1061 2770 1105 2802 ad
1128 2770 1312 2802 Adalberti
1336 2770 1526 2803 exercitum
1549 2771 1742 2812 appropiat.
1787 2770 1871 2802 Sen-

22 2812 39 2903 Ῐῖ
75 2831 155 2857 runt
170 2824 264 2857 illum
290 2824 446 2862 excubie,
465 2830 500 2856 et
523 2825 637 2856 statim
660 2823 852 2857 Adalberto
876 2825 1094 2857 nunciarunt.
1133 2823 1212 2865 Ipse
1237 2833 1319 2855 vero
1343 2829 1529 2865 propterea
1545 2823 1759 2865 stupefactus
1775 2823 1870 2855 iussit

35 2867 150 2910 ‘mari
165 2883 248 2920 quot
271 2883 395 2915 essent,
419 2888 565 2920 suosque
588 2877 687 2920 signo
710 2877 838 2910 vocari.
884 2877 1022 2910 Interea
1053 2876 1170 2909 audita
1200 2876 1312 2917 missa,
1340 2876 1524 2908 nunciatur
1556 2876 1587 2907 ei
1611 2876 1704 2908 mille
1727 2887 1868 2908 numero

19 2922 49 2973 ,’
59 2936 149 2963 ostes
170 2941 256 2963 esse.
301 2930 513 2963 Adalbertus
528 2930 634 2972 igitur
656 2940 722 2962 rex
738 2941 816 2963 cum
833 2930 954 2972 paucis
970 2929 1109 2962 armatis
1126 2929 1233 2961 exivit
1249 2929 1293 2961 ad
1309 2929 1470 2970 prelium;
1495 2939 1595 2971 quem
1613 2930 1693 2961 dum
1710 2930 1870 2962 conferta

26 2976 42 2999 ²*
81 2993 148 3027 gna
178 2983 333 3016 horribili
364 2983 517 3016 Litulfus
547 2984 642 3015 ferro
673 2983 867 3025 impeteret,
899 2982 1108 3016 Adalbertus
1139 2983 1173 3013 in
1206 2993 1282 3014 eum
1314 2987 1420 3013 astam
1445 2982 1602 3020 vibravit,
1627 2988 1661 3013 et
1691 2982 1868 3014 thoracem

25 3044 31 3082 J,-
80 3037 226 3076 rforans,
251 3047 292 3069 ac
316 3047 379 3079 per
401 3042 522 3079 pectus
544 3037 709 3075 educens,
732 3035 826 3068 illum
859 3036 928 3068 vita
951 3035 1118 3078 privavit:
1152 3034 1311 3067 Alemani
1342 3045 1403 3066 suo
1435 3034 1585 3067 destituti
1615 3035 1706 3067 duce
1738 3045 1870 3068 meren-
