2288 3476
351 207 398 242 66
1043 205 1172 241 VITA
1199 204 1494 241 MATHILDIS

743 328 911 362 Conscilii
934 329 1051 372 magni
1075 329 1127 360 vir
1150 328 1209 360 hic
1233 328 1376 372 angelus
1397 328 1452 360 his
1475 327 1543 360 fuit
1566 326 1690 366 annisu

744 382 954 415 Conscilium
978 382 1076 414 cuius
1098 381 1254 424 sequitur
1278 380 1451 414 comitissa
1473 385 1667 413 venustum.

744 434 833 467 Nam
858 444 943 477 quos
966 434 1042 476 ipsa
1066 433 1158 466 valet
1180 444 1307 476 pravos
1330 439 1536 466 convertere
1558 439 1679 472 mater,

744 486 1040 530 Quantiscumque
1064 487 1177 520 modis
1201 487 1287 530 quit,
1311 487 1382 531 agit
1403 487 1440 519 in
1464 486 1624 520 omnibus
1647 481 1764 526 horis;

743 541 874 573 Multos
896 551 976 572 cum
998 540 1116 579 feudo,
1140 540 1267 574 multos
1289 551 1412 573 munus
1434 540 1634 579 tribuendo,

646 396 699 421 290

175 1037 196 1052 c.
209 1033 258 1055 567

742 594 933 637 Pugnando
956 594 1086 635 plures,
1111 594 1321 637 castellaque
1345 595 1462 636 sepius
1487 604 1599 633 urens,

646 661 696 687 295

743 647 853 690 Regis
877 646 920 679 ab
945 646 1113 690 obsequio
1135 647 1265 691 iugiter
1288 647 1454 691 disiungit
1475 647 1609 690 iniquo.

741 700 1028 740 Ultramontanis,
1051 711 1094 733 ac
1116 701 1333 744 principibus
1355 701 1422 734 sibi
1447 701 1547 739 caris,

741 753 886 786 Errores
908 754 1003 797 regis
1024 754 1146 787 scribit
1168 755 1278 787 vitare
1302 754 1454 788 rebellis.

743 806 873 850 Sicque
897 808 972 840 Deo
996 807 1140 840 multum
1163 807 1354 851 generabat
1376 808 1521 841 credula
1542 809 1708 848 fructum,

743 861 912 904 Gregorio
936 872 1048 904 papae
1073 872 1238 904 proceres
1261 862 1390 894 servire
1414 862 1585 894 suadens:

644 930 698 955 300

743 913 886 947 Mittere
910 914 967 947 cui
991 914 1098 958 gratis
1121 914 1245 948 crebro
1269 914 1356 947 solet
1377 915 1414 947 in
1437 915 1622 948 Lateranis

742 968 857 1001 Xenia
878 968 988 1001 multa
1008 968 1121 1008 nimis,
1144 978 1247 1011 quam
1270 979 1362 1011 papa
1384 969 1442 1011 pie
1465 968 1671 1020 benedicit!

743 1022 802 1054 Bis
825 1027 964 1055 centurn
989 1021 1095 1054 libras
1118 1022 1241 1055 domus
1264 1022 1399 1067 argenti
1422 1022 1597 1056 Canusina

744 1075 847 1107 Tunc
870 1075 961 1107 misit
983 1085 1107 1117 papae,
1131 1086 1234 1118 quam
1259 1075 1364 1109 debet
1386 1086 1479 1119 papa
1503 1076 1618 1109 beare.

316 1204 324 1210 ·
344 1198 404 1230 111.
428 1197 483 1230 De
504 1197 594 1228 obitu
616 1199 732 1240 papae
756 1196 937 1238 Gregorii,
962 1201 995 1228 et
1017 1197 1059 1228 de
1086 1196 1245 1229 electione
1275 1196 1464 1236 Desideria,
1495 1202 1528 1229 et
1561 1197 1696 1230 Urbani
1723 1201 1850 1241 papae,
1881 1202 1913 1229 et
1942 1198 2033 1241 quod
2059 1199 2196 1231 domina
2242 1207 2243 1211 ¹

434 1250 615 1283 Mathildis
637 1252 704 1293 pro
727 1249 884 1282 Romana
905 1249 1077 1282 Aecclesia
1099 1250 1284 1293 pugnavit,
1307 1255 1340 1282 et
1362 1251 1403 1282 de
1417 1250 1509 1283 obitu
1524 1249 1643 1283 Sancti
1663 1250 1817 1283 Anselmi
1837 1251 1994 1283 Lucensis
2015 1251 2196 1296 Episcopi.

287 2456 318 2474 10

287 2663 316 2689 ¹5

286 2875 320 2893 20

742 1333 880 1366 Interea
902 1334 1062 1376 planctus
1085 1334 1130 1366 de
1152 1334 1291 1376 presule
1314 1335 1467 1367 nascitur
1491 1335 1579 1368 altus

644 1403 694 1429 305
743 1387 928 1431 Gregorio,
951 1393 1063 1431 gestat
1086 1387 1253 1421 Dominus
1268 1398 1371 1431 quem
1396 1388 1531 1422 Cristus
1554 1390 1600 1422 ad
1622 1389 1755 1428 aethra,

740 1441 834 1474 Ante
857 1441 932 1474 dies
953 1448 1086 1484 septem
1109 1441 1222 1474 Madii
1247 1452 1350 1485 quam
1372 1442 1448 1475 finis
1471 1442 1620 1476 adesset.

741 1495 846 1527 Hunc
869 1495 1030 1527 monachi
1053 1494 1193 1533 deflent,
1216 1495 1407 1528 monachus
1428 1496 1510 1539 quia
1532 1496 1689 1529 noscitur
1711 1507 1812 1535 esse3

742 1549 845 1581 Hunc
868 1548 990 1581 clerici
1012 1541 1152 1586 flebant,
1175 1548 1279 1581 valde
1301 1548 1454 1592 laicique
1481 1548 1658 1589 dolebant,

742 1602 834 1635 Pura
858 1602 944 1634 fides
967 1612 1113 1645 quorum
1136 1601 1258 1644 procul
1283 1607 1335 1635 est
1359 1613 1380 1634 a
1402 1602 1687 1636 scismaticorum.

644 1671 697 1697 310

742 1656 895 1695 Quando
918 1666 1015 1688 suum
1040 1662 1196 1688 sanctum
1212 1662 1415 1689 reverenter
1438 1666 1563 1700 corpus
1586 1657 1758 1696 humatur,

741 1708 835 1741 Anni
858 1709 951 1741 mille
975 1708 1052 1748 Dei,
1077 1719 1138 1740 sex
1160 1708 1287 1747 insunt,
1312 1710 1510 1754 octuageni.

828 1761 912 1795 Post
934 1763 1028 1794 hunc
1052 1762 1089 1794 fit
1111 1773 1203 1805 papa
1225 1762 1428 1796 Desiderius
1450 1763 1580 1806 probus
1602 1763 1711 1797 abbas

743 1816 875 1850 Montis
897 1816 1046 1855 cassini,
1070 1816 1130 1860 qui
1152 1827 1262 1860 parvo
1285 1822 1441 1860 tempore
1465 1817 1569 1851 vixit.

742 1870 845 1903 Anno
868 1876 947 1914 post
969 1870 1070 1903 istum
1092 1876 1212 1913 pastor
1235 1875 1392 1903 sacratur
1413 1871 1451 1903 in
1473 1871 1550 1914 ipso

644 1940 674 1966 3¹
681 1939 694 1966 5
740 1924 903 1957 Urbanus
926 1925 1056 1962 rethor,
1080 1925 1270 1957 monachus
1293 1924 1398 1967 prius,
1422 1930 1457 1957 et
1479 1926 1582 1959 modo
1606 1931 1723 1959 rector

433 2075 459 2091 v.
478 2064 540 2098 293)
560 2066 647 2091 Come
667 2065 792 2098 esempio
812 2065 841 2090 di
861 2066 959 2097 queste
983 2065 1165 2090 concessioni
1186 2072 1241 2090 con

346 2109 391 2133 cui
411 2108 533 2134 Matude
553 2115 668 2133 cercava
687 2108 717 2133 di
736 2108 927 2140 gusdagnarsi
953 2115 970 2132 ο
996 2107 1176 2132 conservarsi
1200 2107 1240 2140 gli

346 2152 439 2182 amici,
460 2152 483 2176 si
503 2159 628 2183 possono
647 2151 790 2175 ricordare
809 2150 836 2175 le
860 2150 1009 2182 larghezze
1029 2151 1054 2175 ai
1080 2151 1193 2175 vescovi
1213 2150 1242 2174 dl

345 2193 466 2222 Lorenn,
480 2193 529 2218 che
543 2200 560 2218 a
572 2200 621 2217 sua
635 2193 715 2217 volta
727 2192 833 2217 Enrieo
845 2192 872 2216 si
885 2191 1032 2217 affrettava
1045 2199 1095 2225 per
1108 2192 1137 2216 lo
1152 2193 1242 2217 stesso

347 2243 433 2268 scopo
452 2243 467 2259 a
491 2235 677 2260 consermare.
916 2255 918 2263 ,

433 2286 459 2302 v.
478 2275 541 2310 29⁶)
559 2278 597 2302 Di
617 2279 714 2310 queste
733 2278 833 2302 lettere
852 2277 881 2302 di
900 2277 1022 2302 Matnde
1047 2275 1062 2302 ὲ
1088 2279 1157 2302 nota
1176 2277 1241 2302 solo

344 2319 440 2351 quella
458 2321 485 2344 ai
504 2320 635 2352 Prinpri
656 2320 780 2345 tedeschi
800 2319 845 2344 del
868 2319 944 2352 1084,
963 2327 1012 2352 per
1026 2319 1179 2344 avvertirli
1192 2319 1242 2344 che

345 2361 450 2387 Enrlco
469 2364 492 2387 si
513 2370 560 2387 era
578 2362 776 2395 impadronito
795 2370 811 2386 a
829 2362 920 2387 Roma
938 2362 984 2387 del
1004 2362 1104 2395 sigillo
1123 2362 1153 2387 di
1174 2361 1242 2386 Gre-

344 2404 437 2436 gorio,
455 2412 470 2429 e
489 2405 515 2429 si
533 2405 719 2436 guardsssero
732 2405 833 2436 quindi
849 2404 925 2429 dalle
938 2404 1148 2429 falsifieazloni.
1173 2404 1241 2430 Essa

345 2447 371 2471 ci
391 2447 422 2471 su
441 2449 610 2472 conservata
634 2447 670 2471 da
695 2446 760 2472 Uoo
784 2454 816 2471 m
841 2447 1007 2478 Fmvxomr,
1032 2447 1079 2472 nel
1100 2448 1195 2472 Chr-on.
1214 2448 1245 2472 di

354 2490 456 2514 Verdun
470 2488 524 2521 (Μ.
542 2490 573 2514 G.
588 2490 634 2518 H.‚
649 2490 707 2521 SS.,
723 2489 798 2518 vm,
812 2487 890 2522 463>³
905 2489 934 2514 lo
948 2491 1039 2515 stesso
1051 2490 1115 2523 Ugo
1129 2490 1241 2515 rlcorda

345 2529 397 2563 (op.
418 2532 472 2556 loc.
491 2532 550 2560 cit„
569 2530 632 2563 466)
652 2538 709 2556 una
726 2531 829 2556 lettera
848 2531 877 2557 di
903 2532 967 2565 Ugo
987 2533 1075 2557 πρὶν.
1100 2532 1128 2557 di
1148 2531 1241 2557 Lione

347 2580 363 2597 a
383 2573 514 2605 Matssde,
532 2574 563 2598 in
583 2575 627 2598 cui
649 2575 673 2598 si
687 2581 812 2598 accenna
826 2581 842 2598 a
855 2573 954 2599 lettere
973 2574 1049 2599 della
1070 2574 1207 2599 Contessa
1227 2581 1242 2599 e

347 2616 377 2640 di
395 2615 535 2641 Anselmo
556 2625 571 2641 a
590 2617 704 2641 vescovi
727 2617 860 2642 francesi.

432 2665 459 2682 v.
475 2655 538 2689 303)
559 2649 579 2682 ὲ
599 2665 637 2682 un
657 2658 740 2682 invio
759 2657 875 2682 diverso
894 2658 930 2682 da
954 2658 1049 2690 quello
1074 2658 1120 2683 del
1147 2660 1242 2684 tesoro

346 2698 420 2723 della
440 2699 534 2724 chiesa
553 2699 584 2724 di
604 2699 731 2724 Canossa
750 2701 897 2725 avvenuto
917 2698 1053 2731 (secondo
1080 2701 1107 2726 la
1132 2701 1242 2726 notizia

346 2741 389 2765 De
409 2742 531 2766 thesauro
552 2742 702 2766 Canusinae
724 2742 862 2767 Ecclesiae
881 2742 931 2767 che
950 2742 980 2767 su
999 2744 1146 2768 trascrIttn
1166 2743 1243 2768 nello

345 2785 434 2807 stesso
454 2784 551 2809 codice
571 2785 705 2809 vaticano
726 2785 754 2809 di
774 2784 938 2817 Donizone)
957 2785 1002 2810 nel
1026 2785 1093 2811 1082
1113 2784 1189 2819 (vedi
1212 2786 1240 2810 in

347 2824 513 2859 appendice)
532 2833 547 2851 e
560 2826 610 2851 che
624 2826 687 2851 fuso
708 2827 826 2851 avrebbe
845 2827 914 2852 dato
933 2827 987 2852 ben
1001 2832 1054 2860 700
1066 2828 1157 2852 llbbre
1170 2827 1240 2853 d'ar-

346 2869 432 2897 gento
450 2875 465 2892 e
483 2875 500 2900 9
518 2868 548 2892 dl
568 2876 628 2893 oro.
666 2869 744 2893 Deve
757 2870 887 2895 trattarsi
901 2870 999 2894 invece
1012 2870 1241 2904 dell’argenteria

347 2908 391 2932 del
411 2910 527 2942 palazzo
545 2910 573 2935 di
595 2910 718 2935 Matilde
737 2919 753 2935 a
772 2910 901 2936 Canossa
926 2911 1039 2944 (Domus
1060 2912 1207 2945 Canusina)
1227 2920 1241 2937 e

347 2957 405 2975 non
425 2952 455 2976 di
473 2959 512 2976 un
533 2952 615 2977 invio
635 2953 762 2986 parziale
781 2953 810 2978 di
831 2953 1043 2979 sant’Anselmo
1063 2962 1078 2979 a
1101 2955 1241 2989 Gregorio

347 3000 425 3018 come
444 2994 525 3019 crede
545 2995 565 3020 il
585 2994 750 3025 Gaurum,
766 2997 794 3020 in
810 2997 953 3027 Domkone,
967 2998 1024 3026 cit,
1039 2999 1115 3027 note,
1135 3005 1162 3030 p.
1183 2996 1241 3030 187.

1386 2074 1413 2090 v.
1427 2063 1495 2099 3⁰5)
1512 2065 1537 2091 11
1556 2073 1647 2095 verso,
1669 2073 1748 2091 come
1775 2067 1797 2091 il
1822 2074 1876 2100 3¹0
1901 2073 1916 2091 e
1941 2074 2002 2101 314,
2027 2065 2043 2093 δ
2066 2069 2196 2094 tlscrItto
2247 2079 2253 2087 2

1297 2108 1343 2133 dal
1363 2109 1483 2142 coplsta.

1385 2158 1431 2176 vv.
1446 2151 1507 2182 306,
1522 2149 1585 2184 311)
1605 2151 1745 2184 Gregorio
1766 2152 1838 2177 mori
1859 2161 1874 2177 a
1887 2152 2006 2178 Salerno
2025 2153 2048 2178 11
2068 2160 2100 2187 2⁵
2121 2161 2196 2187 mag·

1295 2193 1347 2225 gio
1370 2192 1435 2225 1085
1455 2200 1469 2218 e
1490 2200 1547 2218 non
1571 2193 1646 2226 1086,
1668 2201 1747 2219 come
1765 2196 1858 2220 scrive
1877 2196 1912 2220 D.
1930 2202 1946 2220 e
1964 2196 2058 2221 dietro
2077 2203 2093 2221 s
2112 2196 2154 2221 lui
2166 2196 2196 2221 la

1296 2236 1422 2267 Epitome
1440 2236 1604 2261 Polironese.
1641 2237 1812 2262 Ildebrando
1831 2239 1935 2270 poteva
1952 2238 2145 2264 consider-1⁵⁸1
2157 2246 2195 2264 un
2241 2248 2251 2280 ᾗ

1295 2285 1425 2306 monaco,
1439 2279 1558 2304 essendo
1573 2280 1660 2309 stato,
1673 2287 1751 2312 pare,
1764 2287 1780 2305 a
1794 2279 1898 2312 Cluny‚
1912 2280 1989 2313 dopo
2001 2288 2069 2306 aver
2082 2281 2194 2313 neguito
2269 2306 2271 2313 ,

1295 2319 1440 2354 Gregorio
1458 2321 1498 2346 VI
1517 2321 1673 2347 nell’esilio
1693 2324 1723 2347 in
1744 2321 1917 2355 Germania3
1938 2324 2063 2348 secondo
2081 2324 2149 2349 altri
2164 2324 2193 2348 vi
2244 2325 2262 2352 21

1296 2363 1418 2388 avrebbe
1437 2365 1550 2396 passata
1569 2364 1598 2389 la
1616 2365 1794 2397 giovinezza.

1385 2412 1430 2430 vv.
1446 2404 1552 2438 3¹³·18)
1572 2405 1724 2431 Desiderio
1745 2407 1775 2431 fu
1794 2407 1882 2432 eletto
1903 2407 1924 2431 11
1945 2414 1978 2439 24
1997 2408 2112 2441 mngglo
2127 2406 2196 2433 1086
2245 2414 2265 2431 ’.

1296 2446 1325 2478 (a
1343 2449 1444 2479 questo
1466 2449 1542 2473 forse
1561 2450 1584 2472 si
1605 2449 1674 2474 deve
1694 2448 1808 2474 l'errore
1827 2450 1856 2474 di
1875 2450 1911 2474 D.
1931 2457 1982 2482 per
1999 2449 2029 2474 ln
2047 2451 2139 2476 morte
2164 2450 2194 2475 di
2242 2462 2244 2465 =
2270 2462 2272 2467 ·

1296 2488 1459 2522 Gregorio),
1479 2498 1524 2515 ma
1545 2498 1636 2516 venne
1656 2493 1825 2516 consacrato
1840 2492 1903 2516 solo
1923 2491 1944 2516 il
1957 2499 1975 2524 9
1987 2493 2103 2525 maggio
2119 2491 2194 2525 1087,

1296 2539 1310 2555 e
1330 2529 1403 2556 morl
1416 2531 1438 2556 11
1455 2531 1488 2557 16
1501 2534 1663 2558 settembre:
1677 2535 1763 2558 tenne
1777 2541 1815 2559 un
1827 2535 1973 2567 contegno
1986 2535 2060 2560 usal
2074 2535 2194 2564 incerto,

1295 2581 1310 2598 e
1329 2581 1379 2606 per
1397 2575 1489 2607 lungo
1508 2577 1605 2607 tempo
1626 2577 1754 2601 indeclso
1774 2584 1803 2601 se
1823 2578 1963 2602 accettare
1983 2577 2004 2601 11
2023 2577 2195 2609 gravisslmo

1296 2616 1401 2642 ufficio.
1437 2618 1477 2642 La
1498 2625 1618 2643 cronaca
1638 2618 1669 2643 di
1688 2618 1856 2643 Ekkehardo
1876 2617 1928 2652 (M
1955 2619 1984 2644 G.
2006 2620 2052 2649 H..
2072 2619 2133 2649 SS„
2146 2618 2195 2651 VI,
2271 2607 2275 2642 ἶ

2081 2661 2194 2687 L’nnno
2241 2672 2249 2683 ι

1299 2657 1359 2691 106)
1378 2659 1409 2683 lo
1430 2659 1491 2684 dice
1510 2660 1598 2685 eletto
1626 2659 1640 2673 ¹‘
1651 2661 1801 2686 Mathildis
1812 2679 1820 2686 .
1831 2679 1837 2686 .
1850 2680 1857 2687 .
1869 2679 1875 2686 .
1902 2669 2016 2687 assensu
2028 2679 2051 2694 ,.

1296 2701 1373 2734 dopo
1393 2701 1421 2726 la
1435 2702 1586 2734 Contessa,
1606 2703 1652 2727 nel
1665 2704 1785 2736 giugno.
1805 2702 1918 2729 insedio
1932 2704 1954 2728 il
1967 2711 2041 2737 papa
2054 2705 2086 2729 in
2103 2703 2195 2730 Roma

1297 2751 1349 2767 con
1370 2743 1397 2767 le
1417 2751 1465 2768 sue
1483 2746 1596 2777 truppe.

1385 2795 1411 2811 v.
1421 2786 1485 2819 314)
1499 2786 1616 2812 Urbano
1630 2788 1660 2813 fu
1674 2789 1764 2813 eletto
1775 2796 1789 2813 e
1800 2790 1967 2814 consacrato
1980 2789 2083 2814 dentro
2095 2778 2195 2815 Panno

1296 2829 1373 2854 dalla
1392 2831 1483 2854 morte
1502 2830 1532 2854 di
1551 2830 1711 2859 Desiderio,
1731 2829 1793 2856 cioe
1811 2830 1833 2855 il
1854 2837 1885 2856 22
1906 2838 2002 2856 marzo
2019 2829 2086 2856 1088
2098 2830 2194 2856 sTer-
2238 2846 2242 2865 5
2273 2818 2277 2828 .-

1296 2872 1409 2895 racina:
1429 2871 1551 2896 Matilde
1570 2879 1639 2897 aves
1659 2873 1795 2897 mandato
1814 2872 1859 2897 dei
1880 2873 1963 2897 messi
1989 2879 2037 2906 per
2057 2873 2195 2905 impedire

1296 2921 1333 2938 un
1353 2914 1464 2939 ritardo
1485 2914 1561 2939 nella
1581 2915 1717 2940 elezlone.

1384 2964 1410 2981 v.
1425 2955 1493 2988 315)
1519 2958 1611 2982 rethor
1635 2965 1649 2981 e
1675 2961 1772 2989 rector,
1799 2957 1933 2982 bistlcclo
1958 2965 2024 2982 caro
2050 2965 2065 2982 a
2089 2957 2125 2983 D.
2144 2957 2195 2982 che

1296 2997 1346 3031 pit:
1366 2999 1445 3023 volte
1465 2999 1589 3024 indicat
1615 3000 1684 3033 papi
1710 3007 1764 3024 con
1791 3001 1881 3032 questi
1909 3001 1987 3024 nomi
2015 2998 2061 3033 (cs.
2087 3007 2115 3029 V.
2132 3005 2192 3032 222,
2236 3008 2238 3010 ’
2277 3001 2279 3031 Ῑ
