2288 3476
412 231 660 268 CARMINE
688 230 913 268 SCRIPTA
939 231 978 267 A
1005 229 1281 268 DONIZONE
1309 230 1655 266 PRESBYTERO

408 582 462 601 200

409 848 458 874 205

406 1116 458 1134 210

408 1384 458 1410 2¹5

410 1652 464 1671 220

409 1920 459 1946 2²5

405 2188 458 2214 ²30

504 354 677 388 Clamavit
700 360 845 388 cunctus
867 355 992 394 clerus,
1016 360 1108 388 totus
1131 365 1269 399 quoque
1291 353 1436 398 vulgus3

504 408 591 441 Cum
614 408 738 452 quibus
761 414 796 441 et
819 418 937 452 regem
960 408 1143 442 maledixit
1165 408 1281 441 denuo
1304 413 1409 446 recte,

503 460 733 505 Absolvitque
756 462 849 495 viros
872 462 931 506 qui
954 461 1107 495 iurarant
1132 462 1198 495 sibi
1223 462 1361 500 micros,

506 516 562 548 Ac
584 525 749 558 proceres
770 516 932 560 grandes,
955 515 1052 549 illum
1075 516 1102 548 si
1125 516 1284 558 linquere
1307 514 1463 547 mallent.

508 567 615 606 Quod
638 579 700 601 rex
723 579 925 612 agnoscenS,
950 569 1155 602 coadunans·
1175 569 1290 602 denuo
1314 568 1434 608 fortes,

505 621 642 654 Italiam
664 632 798 654 rursum
822 623 977 665 spacium
1001 628 1079 665 post
1101 621 1267 664 temporis
1289 632 1394 655 unum

504 675 714 718 Ingreditur,
738 682 864 708 terram
889 681 996 708 totam
1020 675 1218 709 maculabat
1239 674 1419 712 aberrans;

505 727 588 761 Sola
609 728 742 761 resistit
763 729 796 761 ei
819 728 998 762 Mathildis
1022 728 1092 761 filia
1113 728 1219 761 Petri.

503 782 583 815 Rex
607 782 847 821 exardescens,
871 789 994 815 contra
1017 793 1119 826 quam
1144 783 1296 815 concitat
1318 792 1428 820 enses,

505 834 656 874 Proelia,
679 841 839 875 terrores,
863 841 897 868 et
919 836 1040 868 castris
1063 835 1280 873 obsidiones3

504 887 562 920 Ad
585 888 749 921 nichilum
773 895 914 932 pugnat,
937 899 1009 921 non
1031 889 1119 921 haec
1143 888 1362 931 superabitur
1385 899 1558 932 unquam:

504 941 857 984 Insuperabilia„1oca
879 948 957 975 sunt
981 941 1046 974 sibi
1067 942 1215 984 plurima
1237 942 1323 979 fixa3

505 994 668 1039 Diligitur
691 994 804 1034 valde,
828 995 928 1028 villas
951 994 1111 1027 defendit
1133 1001 1168 1028 et
1190 995 1315 1028 arces.'

501 1048 602 1081 Hanc
625 1048 721 1081 videt
743 1048 914 1080 incassum
937 1048 1047 1080 rixam
1070 1058 1133 1081 rex
1155 1058 1315 1081 crescere
1339 1054 1481 1087 tantum,

503 1101 644 1145 Cogitat
666 1109 704 1135 ut
726 1101 842 1135 turbet
864 1101 974 1134 solum
999 1107 1114 1144 caput,
1137 1101 1203 1135 ivit
1226 1102 1271 1134 ad
1293 1102 1414 1134 urbem

502 1155 719 1195 Romuleam,
743 1165 862 1187 seeum
886 1155 1072 1188 Guibertus
1095 1155 1206 1188 abisse
1231 1155 1377 1189 videtur.

503 1209 582 1242 Mos
605 1209 684 1247 fuit,
708 1209 896 1242 adventum
919 1209 1011 1252 regis
1034 1209 1164 1251 populo
1189 1209 1265 1241 fore
1286 1209 1426 1247 festum,

503 1262 606 1295 Istius
630 1267 681 1294 est
704 1262 814 1300 fietus,
838 1272 900 1294 sua
922 1260 1064 1295 turbant
1088 1262 1233 1295 crimina
1256 1263 1402 1296 caelum.

502 1315 596 1349 Urbs
617 1321 761 1358 propter
783 1326 910 1358 papam
933 1325 1003 1348 non
1027 1315 1077 1348 illi
1101 1316 1139 1348 fit
1162 1322 1338 1352 reserata;

506 1369 612 1403 Circa
635 1379 737 1412 quam
761 1368 902 1406 bellans,
928 1369 1060 1412 dirupit
1085 1370 1223 1402 moenia
1247 1370 1353 1408 celsa,

501 1422 728 1466 Depopulans
750 1421 893 1461 Urbem,
917 1433 1044 1466 papam
1068 1429 1220 1456 statuens
1243 1423 1292 1456 ibi
1314 1429 1470 1466 turpem:

502 1477 541 1509 In
565 1476 731 1509 cathedra
755 1476 848 1509 locat
870 1477 976 1515 hunc,
1000 1476 1090 1509 falso
1115 1475 1279 1509 Clemens
1300 1477 1484 1510 vocitatur.

503 1529 572 1563 Hic
596 1535 649 1562 est
672 1528 860 1563 Guibertus
882 1529 1001 1569 fallax,
1025 1535 1176 1563 vastator
1199 1536 1339 1573 apertus

503 1583 712 1616 Aecclesiae
735 1582 875 1621 Christi,
898 1583 1022 1616 merito
1045 1593 1147 1626 quern
1171 1583 1286 1628 signat
1309 1583 1413 1617 abissi

507 1637 626 1670 Bestia
648 1647 752 1680 quam
774 1636 862 1669 vidit
885 1636 1032 1670 dilectus
1052 1637 1090 1669 in
1112 1637 1315 1680 apocalipsi.

505 1691 614 1734 Regis
636 1697 671 1723 et
695 1690 756 1723 illa
777 1690 931 1733 phalanx
952 1690 1102 1724 Romam
1128 1697 1232 1724 totam
1257 1691 1475 1731 maculabat3

499 1744 655 1789 Pervigil
678 1750 712 1776 et
735 1750 853 1777 rector
876 1743 1067 1787 Gregorius
1091 1754 1135 1777 ex
1156 1755 1264 1789 grege
1287 1745 1393 1785 fesso,

504 1798 663 1831 Pollutae
688 1797 879 1831 cathedrae
903 1797 1046 1830 multum
1070 1807 1210 1842 quoque
1233 1799 1396 1832 condolet
1418 1810 1543 1843 aeque.

502 1851 655 1895 Sperans
678 1851 714 1883 in
737 1850 888 1891 Petrum,
912 1851 1042 1895 rogitat
1065 1861 1222 1895 pugnare
1246 1852 1440 1886 Robertum

507 1905 745 1938 Normannum
769 1905 954 1948 quendam,
979 1905 1038 1948 qui
1063 1914 1181 1948 regem
1204 1906 1341 1949 depulit
1362 1913 1463 1940 extra

503 1959 646 1998 Urbem,
670 1959 728 2003 qui
751 1958 859 1991 veluti
882 1969 947 2001 per
969 1964 1109 1992 stratam
1133 1959 1306 1993 dammula
1329 1961 1420 2004 fugit

502 2013 769 2056 Francigenam,
793 2018 928 2045 montes
951 2012 1040 2045 ultra
1062 2013 1202 2045 rediens
1223 2013 1332 2047 malus
1355 2014 1473 2057 ospes'

503 2066 600 2108 Papa
622 2076 703 2098 suus
727 2066 887 2099 Clemens
911 2066 1081 2099 Romanis
1104 2067 1238 2108 premia
1260 2068 1423 2110 prebens,

503 2121 651 2163 Raptor,
675 2125 845 2152 terrenam
870 2118 964 2151 Petri
988 2120 1078 2162 rapit
1100 2119 1174 2162 ipse
1197 2119 1430 2159 Cathedram;

504 2172 716 2216 Quanquam
739 2184 776 2205 se
799 2178 966 2206 monstret
989 2173 1084 2216 quod
1106 2174 1151 2206 sit
1175 2175 1273 2216 quasi
1295 2182 1414 2217 pastor
1436 2176 1471 2208 in
1495 2176 1604 2214 Urbe,

503 2227 573 2270 Ipsi
595 2227 690 2260 nulla
713 2231 830 2260 tamen
852 2237 933 2268 pars
955 2226 990 2258 in
1015 2226 1105 2259 caeli
1129 2234 1246 2260 manet
1270 2238 1362 2261 arce.

63 2382 75 2422 ¹³:
108 2394 203 2412 marzo
223 2386 303 2416 1081,
317 2387 340 2412 il
353 2395 369 2419 4
382 2386 474 2419 aprile
492 2386 639 2411 celebr-ava
652 2385 681 2411 la
699 2385 810 2418 Pasqua
824 2393 839 2410 a
852 2385 975 2415 Verona,
988 2393 1001 2409 e

36 2456 42 2466 .-
69 2423 77 2445 Γ
110 2430 140 2457 di
154 2429 182 2457 li
191 2432 267 2465 dopo
279 2438 345 2456 aver
359 2431 486 2456 raccolte
499 2430 526 2455 le
539 2430 619 2455 sorze
631 2429 786 2459 lombarde,
799 2429 942 2462 passando
956 2437 1006 2462 per

33 2477 40 2488 ‘-
61 2483 75 2505 ,ι
108 2473 219 2508 Milano
238 2481 252 2498 e
271 2473 369 2502 Pavia‚
389 2473 414 2498 si
427 2480 474 2497 era
487 2474 584 2497 renato
598 2480 613 2497 a
626 2472 764 2497 Ravenna
777 2479 793 2496 a
806 2471 928 2505 prender
940 2479 1005 2497 seco

41 2518 44 2526 '
88 2523 90 2525 ’
108 2515 274 2549 Pmupnpa,
294 2517 354 2549 poi,
372 2514 515 2540 toccando
534 2515 743 2546 Vallombrosa,
756 2521 803 2539 era
815 2515 945 2539 arrivato
958 2514 1005 2539 da-

40 2557 42 2559 ’
62 2552 66 2570 ,·
109 2558 191 2583 'tanti
209 2565 225 2583 a
243 2558 336 2582 Roma
356 2557 377 2582 il
397 2564 429 2582 22
450 2558 574 2589 maggio.
610 2556 717 2581 Enrico
743 2563 802 2581 non
825 2564 894 2581 avea
914 2558 1005 2589 punto

38 2606 70 2631 »Ἅι
110 2601 250 2626 ιῒὲιεωῒο
268 2599 399 2630 Matilde,
418 2599 510 2629 prima
528 2598 557 2623 di
573 2600 709 2623 marciare
722 2605 803 2623 verso
822 2599 914 2623 Roma
927 2606 1005 2623 come

44 2657 56 2679 4
111 2641 173 2667 dice
190 2642 235 2673 D.
254 2649 299 2666 ma
318 2641 381 2666 solo
401 2642 522 2666 trattato
536 2648 589 2665 con
603 2648 660 2665 una
673 2640 864 2674 deputazlone
883 2640 929 2665 dei
941 2641 1006 2666 bor-

42 2679 64 2709 221
110 2683 191 2717 ghcsi
209 2684 239 2709 di
258 2684 352 2708 Lucca
370 2684 430 2712 che.
450 2684 480 2707 in
501 2682 610 2708 rivolta
628 2684 731 2707 contro
751 2683 773 2707 il
790 2683 852 2708 loro
872 2690 1004 2714 vescovo,

38 2722 89 2764 «Cin
111 2725 240 2752 flnivano
258 2726 304 2751 col
318 2726 462 2751 rIbellarsi
477 2726 566 2750 anche
579 2733 594 2750 a
607 2725 729 2750 Matnde
742 2725 793 2750 che
805 2726 835 2750 lo
847 2727 1006 2751 sosteneva.

39 2766 75 2797 522
198 2777 226 2793 v.
244 2771 306 2799 211)
325 2767 367 2792 La
386 2774 520 2800 presenza
533 2767 562 2791 di
578 2766 717 2792 Guiberto
730 2767 958 2799 probabilmente
971 2767 1006 2792 D

43 2804 70 2842 ζ”ῗρ
113 2809 141 2835 la
152 2811 287 2836 ricavava
307 2810 354 2835 dal
367 2817 450 2835 verso
464 2809 492 2834 di
507 2809 652 2842 Rangerio
665 2809 716 2841 (op.
730 2810 784 2838 cit„
795 2817 822 2834 v.
833 2806 915 2843 4287)
931 2809 944 2823 Μ
956 2817 1007 2834 nee

13 2843 15 2851 Α
37 2842 61 2890 5}-
114 2849 269 2878 Guibertus
287 2853 376 2883 abest,
395 2852 454 2877 dux
473 2853 502 2877 et
519 2859 613 2877 comes
631 2852 791 2885 impietatis
800 2869 824 2883 n·

5 2907 7 2930 g
52 2891 63 2907 ¹*
202 2903 227 2920 v.
246 2903 297 2920 212
316 2903 330 2919 a
348 2893 425 2928 sgg.)
444 2894 480 2919 D.
499 2894 598 2920 riduce
617 2894 651 2919 ad
671 2901 727 2919 una
746 2894 773 2919 le
786 2896 901 2926 quattro
915 2895 1008 2927 spedi-

5 2931 7 2936 ’
51 2936 89 2969 83
114 2937 192 2962 aioni
217 2938 245 2962 di
272 2937 378 2962 Enrico
396 2939 501 2962 contro
525 2935 618 2961 Roma
644 2935 919 2969 (1081-84),p01che
943 2937 1007 2962 solo

3 3008 5 3015 Α
51 3010 54 3012 .
115 2979 190 3005 nella
208 2981 316 3012 quarta,
328 2978 406 3013 pote,
418 2980 625 3012 guadagnatasi
640 2979 668 3004 la
681 2979 884 3012 popolazIone,
897 2981 1009 3004 entrare

3 3018 7 3028 ⁹
44 3013 74 3034 ’ὅ
116 3021 147 3045 in
164 3021 243 3052 citta,
262 3020 417 3047 insedlarvi
437 3029 515 3046 come
534 3028 606 3055 papa
626 3020 764 3046 Guiberto
785 3019 943 3053 (Clemente
957 3020 1007 3054 111)

197 2353 224 2370 v.
242 2353 293 2370 που
312 2353 326 2369 e
343 2343 420 2377 sgg.)
438 2343 545 2368 Enrieo
564 2344 674 2376 partito
689 2343 766 2368 dalla
785 2342 940 2368 Germania
956 2344 1001 2368 nel
1056 2344 1102 2369 dal
1122 2345 1206 2376 quale
1226 2346 1256 2370 su
1275 2347 1416 2370 coronato
1437 2346 1610 2379 imperatore
1624 2347 1646 2371 il
1660 2353 1691 2378 3¹
1708 2354 1801 2371 marzo
1815 2345 1956 2379 (Pasqua).

1146 2396 1172 2411 v.
1191 2387 1252 2418 ²17)
1271 2387 1325 2412 Nel
1344 2388 1461 2413 ritratto
1476 2389 1504 2413 di
1519 2387 1659 2413 Guiberto
1679 2389 1729 2413 che
1750 2389 1771 2413 il
1790 2388 1956 2422 Tengnagel

1060 2429 1197 2461 aggiunse
1217 2429 1247 2453 di
1266 2431 1378 2462 seguito
1398 2430 1537 2462 all’opera
1557 2430 1585 2454 di
1605 2430 1642 2455 D.
1655 2431 1686 2455 vi
1698 2429 1713 2456 ὲ
1726 2433 1826 2463 questa
1846 2432 1957 2456 notizia

1059 2472 1133 2496 sulla
1152 2473 1373 2497 consacrazione
1392 2473 1422 2497 di
1442 2472 1581 2497 Ghiberto
1603 2473 1755 2505 “Ipsorum
1769 2475 1861 2498 autem
1875 2481 1957 2498 exco-

1061 2513 1075 2527 α
1084 2515 1292 2539 municatorum
1306 2515 1402 2539 nullus
1415 2521 1479 2539 eum
1489 2516 1652 2539 consecrari
1667 2515 1867 2548 praesumpsit,
1879 2523 1957 2548 prae-

1062 2555 1076 2569 “
1087 2558 1129 2580 ter
1142 2555 1336 2581 Mutinensem
1354 2559 1382 2582 et
1401 2557 1564 2588 Aretinum,
1583 2558 1630 2589 qui
1652 2558 1735 2582 ambo
1755 2565 1806 2590 pro
1827 2559 1884 2582 suls
1903 2558 1958 2582 cri·

1062 2598 1213 2623 “minibus
1233 2599 1290 2624 iam
1308 2600 1393 2624 annis
1412 2599 1514 2629 tribus,
1534 2599 1632 2625 officio
1651 2602 1679 2624 et
1699 2601 1901 2625 communione
1914 2607 1958 2624 ca-

1063 2641 1226 2674 “„ruerant
1274 2641 1380 2666 Enrico
1399 2643 1514 2674 par-tiva
1534 2641 1570 2666 da
1589 2642 1680 2666 Roma
1694 2642 1714 2666 il
1728 2649 1759 2666 21
1782 2642 1907 2674 maggio,
1921 2642 1959 2667 al-

1060 2675 1228 2708 i’annuncio
1247 2682 1323 2707 della
1341 2685 1447 2708 venuta
1466 2684 1513 2708 del
1528 2683 1696 2714 Guiscardo‚
1709 2691 1723 2708 e
1737 2691 1752 2708 a
1763 2682 1838 2708 metii
1849 2685 1958 2717 giugno

1060 2716 1107 2761 bra
1127 2733 1142 2750 a
1161 2725 1285 2754 Verona,
1310 2725 1405 2750 donde
1430 2733 1506 2759 poco
1531 2727 1608 2759 dopo
1634 2725 1719 2750 torno
1746 2728 1775 2750 in
1796 2725 1959 2757 Germania,

1061 2764 1210 2793 lasciando
1230 2768 1260 2792 in
1279 2767 1364 2793 Italia
1384 2768 1406 2792 il
1425 2767 1505 2800 figlio
1525 2766 1664 2793 Corrado.

1150 2818 1195 2834 vv.
1209 2810 1319 2842 22647)
1340 2810 1463 2835 Stratum
1475 2826 1483 2835 .
1493 2827 1500 2835 .
1512 2827 1519 2834 .
1529 2827 1537 2834 .
1556 2811 1765 2843 Francigenam,
1779 2811 1808 2835 la
1822 2811 1869 2836 via
1883 2811 1958 2836 dalla

1061 2852 1235 2877 Lombardia
1254 2852 1313 2877 alla
1332 2851 1465 2877 Toscanu
1485 2860 1534 2884 per
1553 2851 1732 2878 Pontremoli
1757 2860 1771 2878 e
1795 2853 1958 2879 Montebar-

1061 2895 1143 2919 done.

1151 2945 1178 2961 v.
1196 2937 1259 2969 229)
1278 2936 1427 2966 Guiberto,
1447 2937 1522 2969 dopo
1542 2937 1570 2962 la
1590 2938 1706 2962 ritirata
1725 2938 1769 2963 dei
1790 2937 1959 2968 Normamzi,

1062 2980 1165 3012 segniti
1186 2979 1266 3004 dallo
1284 2981 1376 3004 stesso
1396 2978 1549 3011 Gregorio,
1563 2978 1651 3004 torno
1663 2987 1680 3004 a
1693 2979 1783 3005 Roma
1798 2981 1843 3005 nel
1857 2981 1960 3006 Natale

1062 3021 1156 3054 (1084)
1177 3029 1190 3045 e
1209 3021 1239 3046 vl
1259 3022 1284 3046 si
1304 3023 1455 3047 mantenne
1476 3023 1541 3047 sino
1561 3022 1588 3046 al
1611 3021 1686 3055 1096.

2044 1066 2064 1081 c.
2078 1066 2128 1085 5311

2047 2029 2068 2043 e.
2081 2029 2130 2049 ,ην

1986 2438 2020 2456 20

1987 2650 2019 2677 ²⁵

1986 2861 2021 2886 30
