2288 3476
368 243 614 281 CARMINE
642 243 863 280 SCRIPTA
892 243 929 280 A
956 243 1234 280 DONIZONE
1260 243 1604 280 PRESBYTERO
1864 245 1909 279 13

366 381 418 407 150
460 367 500 399 In
523 367 626 400 turris
649 367 759 400 fundo
781 367 964 400 iacuerunt
986 373 1143 410 tempore
1167 365 1294 399 multo!

462 419 562 453 Clam
584 420 701 453 senior
722 431 858 453 murum
880 420 975 453 ferro
1000 419 1175 464 confregit
1197 419 1234 452 in
1255 430 1362 453 unum
2000 436 2021 453 c.
2035 437 2083 451 ην

465 471 605 516 Quippe
628 473 754 513 locum,
777 473 918 507 tandem
942 473 1118 506 dominam
1141 474 1272 517 pariter
1294 473 1527 516 famulamque

461 527 631 566 Extraxit‚
655 526 805 571 fugiens,
829 526 950 560 tribuit
972 533 1153 572 vestesque
1175 526 1293 560 viriles

463 579 545 620 Illis,
568 591 612 613 ne
636 581 730 613 visae
755 587 963 622 caperentur
985 581 1102 614 denuo
1125 580 1236 614 binae.

367 647 416 674 ¹5⁵
463 629 720 677 Usque'lacum
741 634 887 667 veniunt
910 645 1014 677 quem
1037 639 1152 667 servat
1174 634 1323 668 Mantua
1344 634 1477 667 vivum:

460 687 643 720 Inveniunt
664 698 788 720 navem
810 687 1090 730 piscatoremque
1111 698 1262 727 suavem,

462 739 635 773 Presbiter
657 740 782 774 invitat
804 751 918 784 quem,
942 750 979 774 se
1003 741 1134 784 pariter
1157 752 1293 785 quoque
1317 741 1416 775 binas

461 793 614 836 Naviget
636 799 675 826 ut
697 793 830 831 socias;
855 794 911 826 cui
934 794 1019 837 quid
1042 794 1149 836 possit
1173 795 1256 827 dare
1281 794 1376 827 dicat

459 846 617 880 Piscator
641 847 735 880 dicit.
765 847 832 879 “Si
858 847 1008 888 scires„
1032 848 1203 891 presbiter
1225 848 1364 891 inquit‚'

365 908 416 934 160
466 899 566 939 “Qui
590 910 653 933 nos
675 911 839 940 essemus,
863 907 900 934 tu
923 901 1035 933 statim
1062 901 1209 934 maxime
1234 901 1344 934 laetus
1967 910 2042 934 Mun..
2057 915 2096 935 347

466 953 678 986 “Transires
700 953 855 996 gaudens
879 954 981 986 citius
1003 954 1122 996 precio
1146 955 1221 987 sine
1244 965 1308 987 nos
1331 962 1410 988 tres.
1430 974 1471 979 —-

462 1006 477 1023 ‘⁴
492 1006 606 1038 Dicite
629 1007 688 1050 qui
711 1006 790 1039 sitis
812 1017 915 1045 nunc,
939 1007 969 1038 si
992 1008 1140 1040 transire
1164 1008 1289 1041 velitis.
1316 1027 1356 1031 -—

465 1058 600 1092 “Nobis
623 1060 652 1092 si
674 1060 766 1092 iures
789 1059 883 1103 quod
907 1060 1001 1092 celes
1023 1070 1096 1098 nos,
1119 1060 1184 1093 tibi
1206 1071 1294 1103 pure

465 1115 479 1131 “
492 1111 680 1146 Pandjmus
703 1113 904 1152 archanum,
927 1112 1030 1146 valde
1055 1113 1150 1156 quod
1174 1114 1240 1146 erit
1265 1113 1329 1146 tibi
1353 1123 1470 1147 carum
1488 1139 1516 1156 „.

362 1174 409 1207 1⁶5
456 1165 538 1199 Non
562 1166 683 1199 aderat
705 1167 831 1206 codex,
855 1166 999 1200 baculos
1023 1167 1137 1200 crucis
1161 1167 1244 1200 ilico
1267 1177 1365 1200 more

458 1220 627 1253 Rusticus
648 1220 684 1252 in
708 1227 801 1253 terra
823 1219 926 1253 binos
948 1221 1076 1263 posuit,
1100 1221 1208 1254 nichil
1233 1232 1352 1254 errans

460 1273 499 1305 In
521 1273 665 1312 baculis,
688 1273 779 1307 iurat
801 1275 897 1307 velut
921 1280 1013 1307 esset
1037 1285 1121 1307 crux
1143 1274 1192 1307 ibi
1216 1275 1373 1317 pulchra.

458 1327 561 1359 Tunc
585 1327 733 1360 domnus
755 1327 840 1360 dixit
865 1327 1039 1361 Martinus
1062 1327 1236 1371 presbiter
1259 1328 1330 1361 illi:

554 1380 705 1413 “Dicere
730 1391 811 1414 care
835 1382 939 1415 modo
963 1381 1025 1414 tibi
1049 1382 1153 1415 tutius
1176 1382 1292 1415 omnia
1316 1382 1456 1426 cogor:'

362 1447 413 1473 ¹70
463 1434 588 1467 “Haec
612 1439 666 1467 est
688 1435 820 1478 regina,
844 1445 948 1478 quam
971 1435 1100 1467 dudum
1125 1435 1240 1478 caepit
1264 1436 1309 1469 ob
1331 1436 1419 1469 iram
2001 1451 2022 1466 c.
2038 1450 2084 1470 υν

461 1487 475 1503 “
489 1487 572 1520 Rex
595 1486 842 1531 Berengerius:
867 1488 1028 1531 fugimus,
1051 1489 1096 1521 sis
1118 1489 1206 1521 fidus
1229 1490 1405 1530 amicus„

458 1541 623 1573 Laudans
645 1541 704 1573 ille
728 1541 842 1581 deum,
866 1541 1024 1575 transivit
1047 1552 1107 1575 eos
1130 1543 1199 1576 cito
1222 1553 1351 1581 secum,

459 1594 596 1637 Optulit
619 1599 654 1626 et
675 1595 808 1636 piscem
831 1605 901 1627 non
924 1606 1069 1637 parvum
1092 1596 1242 1629 rusticus
1264 1596 1334 1634 ille,

459 1646 588 1691 Atque:
617 1647 824 1681 “Memento
847 1648 917 1681 mei
930 1672 961 1689 „,
984 1649 1125 1693 reginae
1148 1649 1248 1688 dixit,
1279 1652 1292 1668 ‘⁴
1306 1650 1460 1690 habebis,

363 1715 412 1741 175
463 1701 477 1717 ‘⁴
491 1701 531 1734 Si
554 1701 616 1734 tibi
641 1702 733 1735 forte
756 1708 880 1745 potens
903 1702 1063 1735 dominus
1084 1703 1171 1736 deus
1192 1704 1300 1737 addet
1324 1704 1531 1743 honorem„

461 1754 588 1787 Navita
610 1755 766 1799 reginam
789 1760 871 1788 tunc
896 1756 1056 1799 deposuit
1080 1767 1209 1800 propre
1233 1756 1355 1790 silvam

458 1809 663 1853 contiguam
686 1810 780 1842 lacui
803 1810 977 1852 predicto,
1000 1820 1089 1854 quae
1113 1811 1210 1845 stetit
1234 1811 1304 1844 illic

458 1861 664 1896 Ebdomada
686 1869 760 1896 tota
782 1863 956 1897 Christum
979 1864 1128 1898 fidenter
1151 1865 1315 1904 adorans3

458 1915 634 1950 Presbiter
656 1915 825 1950 absconse
848 1927 974 1960 panem
997 1918 1188 1961 quaerebat
1209 1925 1247 1952 ut
1269 1929 1382 1963 ospes.

362 1977 415 2002 180
458 1969 618 2003 Tandem
640 1970 818 2014 suspirans
841 1971 929 2004 dixit
951 1971 1072 2016 regina
1094 1972 1224 2015 perita:

463 2023 550 2056 “Me
574 2029 709 2066 captam
733 2034 870 2066 semper
892 2035 983 2063 reor,
1005 2025 1064 2057 hic
1086 2026 1196 2058 michi
1217 2027 1304 2069 quid
1326 2026 1422 2061 iuvat
1444 2027 1549 2060 esse?

464 2077 478 2093 “
492 2076 612 2109 Presul
634 2077 792 2121 Reginus
815 2077 904 2110 solet
927 2088 1001 2111 esse
1025 2078 1139 2111 fidelis
1162 2079 1294 2113 amicus

464 2131 478 2148 “
492 2130 620 2164 Noster
642 2129 852 2170 Adalardus‚
876 2131 933 2164 cui
955 2131 983 2164 si
1007 2133 1140 2165 referas
1161 2133 1269 2166 michi
1292 2141 1442 2178 quantus

463 2182 544 2216 “Sit
566 2183 675 2223 fletus,
698 2184 818 2218 forsan
841 2185 955 2218 trahet
978 2185 1060 2218 hinc
1084 2196 1147 2219 nos
1170 2187 1298 2221 domne
1321 2194 1469 2232 geronta
1482 2213 1512 2228 „.

362 2245 412 2278 185
458 2237 544 2270 Mox
565 2238 722 2281 quamvis
745 2238 858 2271 fessus
880 2244 996 2271 tamen
1019 2239 1081 2271 ivit
1104 2240 1275 2282 presbiter
1299 2242 1392 2274 exul.

352 2289 359 2295 ’
457 2290 580 2323 Presul
601 2297 638 2323 ut
661 2291 814 2335 agnovit,
839 2291 883 2325 de
906 2292 1037 2336 regina,
1062 2299 1178 2336 rogat:
1208 2295 1223 2311 ‘⁴
1237 2294 1268 2327 Ο
1294 2294 1381 2338 quid

465 2344 555 2377 “Est
577 2344 737 2378 factum?
761 2343 903 2383 Quaeso
926 2346 1032 2378 michi
1053 2357 1167 2386 narra,
1192 2347 1328 2381 discere
1351 2359 1455 2391 spero
1469 2373 1500 2389 „.

459 2397 635 2431 Presbiter
657 2398 733 2431 infit
755 2399 850 2437 hero,
874 2399 1077 2432 defunctam
1101 2409 1242 2433 carcere
1268 2401 1387 2434 tetro.'

150 2521 397 2555 v.15o)teuopore
415 2525 504 2548 multo.
541 2523 661 2549 Lotario
686 2532 733 2549 era
758 2526 852 2549 morto
878 2525 898 2550 il
925 2532 957 2550 22
1014 2527 1055 2552 πίε
1079 2527 1108 2551 di
1134 2526 1306 2557 Roswmmt.
1326 2529 1401 2554 nella
1429 2531 1551 2555 Cronaca
1576 2531 1649 2555 della
1669 2532 1816 2562 Novalesa,
1835 2531 1911 2556 nella

32 2559 40 2570 ’“
63 2570 129 2591 nov.
148 2572 208 2598 950,
228 2566 400 2598 Berengario
419 2573 466 2590 era
485 2567 562 2591 stato
581 2566 669 2591 eletto
696 2566 717 2591 il
746 2572 775 2598 15
802 2568 957 2592 dicembre:
1013 2570 1136 2594 Cronaca
1158 2570 1297 2595 Cassium
1316 2572 1345 2595 di
1370 2571 1477 2596 Laomr.
1495 2571 1654 2602 Osa-musa,
1674 2581 1718 2597 ma
1739 2573 1848 2598 l’unIco
1867 2575 1908 2599 te·
1941 2579 1970 2604 15

41 2606 43 2610 '
62 2605 170 2633 Ottone
188 2615 235 2632 era
253 2605 302 2641 gia
320 2610 458 2633 coronato
478 2616 506 2632 re
521 2608 635 2634 d'Italia
650 2609 672 2633 il
686 2615 718 2642 ²3
733 2610 884 2635 settembre
896 2616 958 2643 951.
1011 2613 1057 2636 sto
1071 2612 1120 2636 che
1140 2612 1216 2637 forse
1238 2613 1267 2637 su
1287 2615 1358 2639 noto
1377 2621 1394 2638 a
1413 2614 1448 2639 D.
1468 2613 1483 2639 ὲ
1498 2614 1520 2639 il
1534 2615 1636 2647 primo,
1652 2614 1752 2648 perche
1766 2617 1909 2642 concorda

45 2648 47 2650 ’
61 2648 96 2674 In
114 2651 212 2682 questo
233 2651 352 2682 perlodo
371 2651 401 2675 di
422 2658 495 2675 nove
515 2651 584 2675 mesi
609 2651 722 2676 devono
749 2653 823 2676 stare
848 2652 876 2677 la
901 2652 958 2686 pri·
1011 2661 1066 2678 con
1087 2661 1148 2679 esso
1164 2655 1209 2679 nel
1225 2655 1404 2689 salvataggio
1418 2663 1467 2690 per
1481 2665 1567 2689 opera
1581 2658 1626 2682 del
1640 2659 1718 2690 prete
1730 2665 1746 2683 e
1760 2658 1909 2684 nell'aiuto

63 2692 164 2724 gionia
184 2699 199 2716 e
218 2692 246 2717 la
265 2692 343 2726 suga.
1013 2698 1140 2729 prestato
1160 2697 1216 2722 alla
1237 2699 1335 2731 regina
1354 2699 1389 2723 da
1412 2707 1450 2723 un
1478 2702 1630 2731 pescatore.
1668 2698 1719 2725 Gli
1745 2700 1811 2726 altri
1838 2708 1909 2726 sono

42 2728 44 2731 ’
151 2743 179 2760 v.
198 2733 266 2767 155)
286 2737 372 2769 ,Quem
390 2739 487 2760 servat
505 2736 621 2760 Mantua
640 2736 748 2761 vivum:
760 2735 810 2770 gia
823 2737 850 2762 al
863 2738 958 2770 tempo
1014 2740 1188 2764 nettamente
1206 2740 1323 2765 diversi.
1360 2740 1432 2766 Vedi
1453 2742 1474 2766 il
1495 2743 1554 2768 mio,
1572 2743 1616 2767 La
1644 2743 1703 2767 Vita
1723 2743 1868 2769 Mathz'ldis
1881 2744 1912 2768 di

40 2784 41 2789 ¹
65 2776 94 2802 di
112 2777 148 2802 D.
167 2777 192 2802 si
217 2778 400 2810 prendevano
425 2778 525 2810 quindi
553 2779 783 2811 provvedimenti
809 2778 910 2812 perche
937 2780 958 2804 11
1013 2783 1051 2806 D.
1070 2790 1083 2806 ε
1102 2782 1126 2805 il
1142 2790 1188 2807 suo
1208 2783 1304 2807 valore
1321 2783 1419 2808 storico
1439 2785 1487 2809 cit.
1939 2791 1972 2810 20

37 2835 41 2842 ,
64 2817 131 2852 lago
150 2820 236 2844 stesse
255 2820 328 2848 vivo,
348 2818 410 2844 cioe
430 2827 488 2844 non
513 2821 536 2844 si
564 2820 762 2852 impaludasse.
799 2819 959 2853 L’Epitome
1103 2831 1129 2847 v.
1149 2822 1212 2856 165)
1233 2824 1328 2854 Codex,
1348 2825 1356 2848 i
1378 2825 1502 2857 vangeli.
1539 2825 1618 2851 Mun.

37 2866 45 2898 j
59 2863 204 2893 parmense
222 2862 361 2896 pax-lando
380 2862 455 2887 della
474 2862 551 2887 selva
572 2863 601 2886 in
628 2864 673 2888 cul
700 2864 725 2888 si
750 2863 860 2896 rifugio
884 2864 959 2889 Ade-
1102 2874 1128 2890 v.
1148 2865 1207 2897 183)
1221 2866 1366 2891 Adelardo
1380 2873 1502 2891 vescovo
1516 2867 1545 2892 di
1565 2867 1675 2900 Reggio
1690 2868 1736 2893 nel
1748 2874 1799 2902 945
1814 2876 1911 2894 secon-

38 2898 39 2902 ’
65 2901 141 2929 laide
161 2905 243 2928 nota:
266 2904 388 2929 “audivi
409 2904 466 2929 dici
486 2905 562 2937 quod
574 2906 617 2929 est
636 2905 711 2930 silva
730 2905 764 2930 de
783 2905 885 2930 Razoli
897 2923 922 2937 ,,.
947 2907 960 2930 Ι
1013 2908 1049 2932 do
1069 2907 1205 2941 l’Ughelli
1225 2907 1332 2940 (ltalia,
1353 2909 1388 2940 11,
1408 2907 1481 2942 301),
1500 2912 1609 2935 mentre
1623 2911 1652 2935 lo
1670 2917 1718 2936 era
1730 2910 1778 2944 gia
1798 2911 1844 2936 nel
1857 2919 1908 2945 943

43 2970 45 2974 ,
67 2946 234 2980 particulari
255 2947 284 2972 di
302 2947 340 2973 D.
359 2947 435 2972 della
455 2947 522 2980 suga
535 2947 565 2972 di
579 2947 719 2973 Adelaide
732 2955 857 2981 possono
870 2955 959 2974 essere
1014 2950 1136 2975 secondo
1156 2958 1193 2975 un
1209 2950 1345 2983 diploma.
1365 2951 1442 2976 Mun.
1462 2942 1484 2977 ὲ
1499 2953 1675 2985 Importante
1688 2953 1738 2978 che
1752 2953 1774 2978 il
1789 2961 1910 2979 vescovo

66 2988 244 3014 confrontati
265 2997 317 3014 con
337 2989 427 3022 quelli
446 2990 496 3014 che
515 2990 646 3015 abbiamo
666 2990 742 3015 nella
762 2991 822 3016 vita
836 2990 865 3015 di
886 2991 958 3016 Ade-
1014 2991 1088 3015 fosse
1102 2992 1178 3016 stato
1198 2993 1349 3018 nominato
1368 2994 1445 3017 sotto
1464 2993 1528 3026 Ugo
1541 3001 1555 3018 e
1569 2995 1645 3018 certo
1664 3001 1714 3026 per
1732 3002 1784 3019 suo
1803 2994 1910 3020 favore.
1939 3003 1969 3030 ²5

38 3048 43 3066 ¹,
67 3029 142 3055 laide
161 3030 191 3055 di
211 3029 336 3056 Odilone
354 3029 552 3064 (Epitaphium,
573 3030 640 3065 cit),
663 3032 737 3056 nelle
762 3033 843 3058 Gesta
871 3033 958 3058 ortdo-
1102 3042 1129 3059 -υ,
1148 3031 1210 3066 184)
1232 3033 1360 3064 Geronta,
1380 3041 1474 3065 senex,
1493 3036 1639 3069 presbiter,
1658 3037 1754 3069 glossa
1773 3038 1801 3062 di
1830 3038 1856 3063 V.
