2288 3476
430 217 601 254 XXXIV
1180 213 1520 249 PREFAZIONE

1174 375 1368 419 Capitulum
1395 379 1532 407 sextum.

516 460 602 492 Cum
626 464 716 491 esset
737 458 917 500 predictus
939 458 1127 499 imperator
1151 456 1323 488 Henricus
1346 456 1518 488 secundun
1540 456 1576 487 in
1600 454 1789 493 Placentia,
1819 455 1911 488 misit
1932 455 2070 488 nuntios
2099 456 2288 489 Canosam·

428 513 485 546 ubi
509 518 582 545 erat
606 512 761 544 dominus
786 510 980 543 Bonifatius
1003 519 1129 552 rogans
1153 519 1228 540 eum
1252 509 1347 551 quod
1370 508 1435 541 sibi
1460 508 1648 540 destinaret
1672 509 1716 540 de
1739 514 1840 541 aceto
1863 519 1934 542 suo.
1979 508 2139 541 Prudens
2162 509 2288 543 domi-

428 577 491 598 nus
515 567 547 599 d.
572 565 776 597 Bonefatius
799 565 886 596 fecit
910 563 981 595 fieri
1005 573 1107 594 unam
1133 567 1290 606 vegetem
1307 562 1351 595 de
1368 567 1512 604 argento
1529 568 1563 593 et
1579 572 1655 593 eam
1672 562 1841 603 repletam
1857 567 1980 594 acceto
1996 562 2060 595 sibi
2075 554 2288 614 destinavits}

430 631 531 663 quam
554 624 729 662 gratanter
752 617 884 659 recepit
908 622 943 648 et
967 617 1079 648 eidem
1103 616 1234 658 gratias
1263 615 1342 658 egit.
1388 614 1469 647 Alia
1496 615 1573 647 vice
1603 624 1682 647 cum
1713 621 1804 647 esset
1834 615 1991 648 dominus
2021 615 2209 658 imperator
2238 606 2288 672 eb}

430 673 590 706 dominus
613 672 706 703 dux‘
697 681 733 702 m
748 670 902 708 Mantua,
921 675 994 701 erat
1009 669 1152 701 Mantue
1170 669 1310 712 quidam
1326 669 1412 701 civis
1428 668 1567 701 nomine
1585 667 1750 701 Albertus
1764 668 1920 701 subditus
1935 669 2064 701 domini
2088 668 2235 703 Bonifac

428 726 497 758 Iste
522 724 657 758 obtullit
679 723 821 756 domino
845 723 919 766 regi
943 733 962 755 c
987 722 1230 755 nobillissimos
1253 732 1361 764 equos
1384 727 1419 754 et
1442 730 1484 754 cc
1508 727 1663 754 austures
1690 731 1710 754 c
1741 727 1889 754 mutatos
1920 728 2063 764 propter
2094 732 2181 765 quos
2210 659 2288 813 dol}

427 780 538 811 minus
562 778 749 820 imperator
770 776 868 809 iussit
891 788 968 809 eum
991 777 1115 809 sedere
1139 776 1175 807 in
1198 786 1318 808 mensa
1341 786 1412 814 sua,
1439 781 1522 808 tunc
1554 774 1639 807 dixit
1669 775 1728 807 ille
1760 775 1848 808 civis
1878 776 1972 818 quod
2002 785 2176 819 nunquam
2206 775 2288 819 iui3.

429 842 531 864 ausus
552 832 673 863 sedere
697 831 731 862 in
756 840 875 862 mensa
897 840 976 862 cum
999 829 1141 862 domino
1165 839 1226 861 suo
1250 828 1437 868 Bonifatio,
1468 834 1551 861 tunc
1577 829 1735 861 dominus
1757 839 1820 860 rex
1841 828 2030 861 admiratus
2057 834 2107 861 est
2138 829 2182 862 de
2211 829 2271 867 ill*

427 886 486 928 qui
510 895 587 916 cum
612 894 655 916 eo
679 889 764 922 erat,
788 884 881 916 finito
905 882 1054 925 prandio
1078 883 1238 914 dominus
1262 892 1323 915 rex
1347 882 1489 915 donavit
1511 881 1624 914 eidem
1647 882 1733 913 duas
1756 887 1943 914 mastrucas
1959 887 1994 914 et
2008 892 2114 914 unum
2129 892 2214 915 com

430 939 606 971 cervinum
630 938 771 980 plenum
794 937 965 979 peccunia
989 946 1055 979 que
1080 936 1195 969 omnia
1216 936 1280 968 iste
1305 936 1389 968 civis
1412 934 1578 968 Albertus
1607 936 1743 977 recepit
1773 935 1885 967 statim
1917 935 2032 968 omnia
2061 936 2259 978 presentavi

427 992 565 1024 domino
590 991 671 1024 duci
686 991 821 1023 veniam
836 996 960 1033 petens
982 990 1026 1023 ab
1049 1000 1091 1022 eo
1115 990 1208 1032 quod
1230 990 1376 1022 sedisset
1398 989 1434 1020 in
1449 1000 1601 1021 mensam
1625 994 1659 1021 et
1674 987 1816 1021 domino
1840 989 1924 1032 regi,
1940 989 2000 1031 qui
2022 988 2164 1021 indulsit

427 1045 493 1078 sibi
515 1056 580 1087 pro
604 1044 770 1078 conscilio
794 1044 888 1087 quod
911 1053 1086 1086 nunquam
1109 1048 1325 1085 presumeret
1346 1043 1415 1075 tale
1440 1042 1524 1085 quid
1547 1043 1678 1074 facere.

521 1142 715 1187 Capitulum
738 1143 929 1186 septimum,
954 1147 1020 1174 etc.

517 1257 776 1292 Rinunciando
804 1267 825 1290 a
854 1255 940 1290 dare
969 1255 1030 1302 piu
1060 1254 1152 1290 oltre
1182 1266 1229 1288 un
1256 1260 1352 1290 testo
1381 1255 1457 1289 cosi
1485 1266 1584 1301 poco
1612 1255 1861 1300 interessante‚
1891 1254 1940 1289 mi
1969 1254 2090 1290 limito
2118 1266 2140 1290 a
2158 1255 2276 1299 ricor¹

428 1323 514 1359 dare
542 1323 661 1376 alcuni
690 1322 771 1358 altri
808 1323 923 1358 errori
961 1321 1227 1357 caratteristici.
1282 1321 1312 1355 11
1349 1332 1459 1355 nome
1488 1320 1748 1368 dell’antipapa
1786 1321 1929 1357 Cadalo
1966 1322 1986 1356 e
2017 1322 2195 1368 storpiato
2232 1322 2274 1357 i

433 1390 644 1426 Cainalz'um
681 1390 748 1426 che
786 1390 882 1424 forse
910 1395 965 1424 sta
1001 1401 1066 1436 per
1096 1401 1142 1423 un
1184 1386 1480 1435 Ca[ra']z·nalz·um
1512 1388 1673 1424 nomine:
1702 1388 1764 1434 piu
1803 1389 1948 1424 curioso
1977 1390 1997 1424 ὲ
2026 1389 2174 1436 leggere
2204 1389 2275 1425 ch

427 1458 608 1493 ivescovi
639 1457 775 1493 italiani
804 1468 879 1491 non
906 1455 1067 1492 scelsero
1094 1456 1154 1502 gia
1183 1467 1246 1503 per
1275 1466 1394 1491 messo
1432 1454 1528 1490 della
1564 1462 1734 1490 sentenza
1772 1454 1806 1489 di
1837 1454 2074 1502 deposizione
2102 1454 2138 1490 di
2179 1455 2246 1491 Gr
2268 1447 2270 1449 ’

428 1525 535 1572 gorio
563 1524 635 1560 VII
662 1523 688 1558 il
717 1523 878 1559 chierico
914 1534 1106 1569 parmense
1143 1521 1332 1567 Rolando,
1362 1534 1422 1557 ma
1459 1521 1496 1556 lo
1525 1522 1651 1556 fecero
1686 1522 1860 1568 antipapa
1902 1521 1916 1539 “
1936 1521 2127 1568 elegerunt
2163 1534 2276 1558 unum·v

435 1593 450 1611 ‘⁴
467 1602 699 1639 parmensem
717 1590 866 1626 nomine
886 1589 1100 1625 Rolandum
1120 1590 1155 1624 in
1175 1589 1388 1635 antipapam
1408 1589 1468 1636 qui
1489 1593 1566 1624 erat
1594 1587 1747 1624 clericus
1763 1618 1778 1636 „
1813 1594 1958 1625 mentre
1984 1600 2085 1635 poco
2113 1588 2214 1638 dopo

426 1671 472 1694 ne
500 1658 597 1705 parla
627 1657 708 1693 solo
737 1668 844 1692 come
873 1655 910 1691 di
939 1669 986 1691 un
1014 1666 1151 1692 messo:
1182 1667 1318 1702 appare
1346 1655 1409 1702 poi
1438 1667 1546 1691 come
1566 1655 1590 1690 il
1611 1655 1857 1703 compilatore
1878 1666 2040 1691 cercasse
2059 1654 2097 1691 di
2116 1656 2230 1692 chiari
2261 1680 2264 1684 >
2287 1682 2288 1685 η

427 1726 462 1760 le
491 1725 647 1761 oscurita
675 1725 712 1760 di
740 1724 949 1768 Donizone,
976 1723 1093 1759 infatti
1127 1722 1174 1758 da
1202 1733 1272 1758 una
1308 1723 1539 1769 spiegazione
1578 1721 1639 1758 del
1677 1722 1819 1758 famoso
1857 1734 1957 1758 uovo
1991 1728 2200 1770 presentato

428 1791 600 1827 Concilio
629 1791 825 1826 Laterano.
2255 1831 2259 1835 Ι
2287 1833 2288 1839 ¹

514 1858 576 1894 Un
606 1858 751 1894 curioso
779 1857 962 1905 equivoco
989 1857 1018 1892 si
1045 1857 1091 1891 ha
1119 1868 1140 1892 a
1169 1856 1359 1903 proposito
1380 1855 1440 1893 del
1468 1856 1587 1903 primo
1614 1867 1723 1891 verso
1751 1855 1811 1891 del
1841 1856 1999 1904 prologo
2026 1854 2087 1892 del
2113 1855 2148 1892 II
2175 1855 2260 1892 libr
2283 1867 2286 1892 1

428 1927 466 1960 in
493 1925 551 1960 cui
578 1925 776 1961 Donizone
806 1925 871 1959 uso
899 1924 932 1958 la
959 1923 1087 1970 parola
1120 1923 1321 1958 Comarcus
1339 1934 1405 1969 per
1423 1929 1562 1969 retore3
1582 1934 1647 1958 ora
1666 1922 1691 1957 il
1712 1922 1955 1969 compilatore
1976 1922 2050 1959 l’ha
2078 1935 2187 1969 preso
2215 1940 2223 1955 ο
2239 1937 2285 1974 'Q'

426 1992 451 2027 il
479 2004 589 2027 nome
618 1991 678 2027 del
705 1996 834 2038 poeta:
870 1990 886 2007 ‘⁴
904 1991 989 2026 huic
1009 1989 1104 2026 libro
1125 1990 1289 2026 secundo
1307 1990 1508 2025 monachus
1528 1989 1793 2025 Commarchus
1820 1990 1970 2025 nomine
1989 1990 2168 2036 premittit
2185 2001 2245 2038 pr
2275 1994 2278 2006 '

434 2059 593 2106 “logum
621 2063 692 2094 etc.
710 2084 744 2105 „.
799 2057 829 2094 Il
858 2056 1006 2103 dialogo
1034 2063 1090 2094 tra
1117 2056 1253 2093 l'abate
1274 2057 1309 2093 di
1341 2056 1460 2104 Cluny
1480 2070 1500 2092 e
1521 2056 1677 2092 Matilde
1697 2069 1717 2091 a
1737 2057 1902 2092 Canossa
1921 2057 1981 2103 (ΙΙ,
2011 2056 2073 2103 91)
2102 2056 2286 2105 diventa

434 2126 449 2144 ‘⁴
466 2131 552 2162 tunc
579 2125 713 2161 nobilis
741 2125 940 2161 Comitissa
969 2136 1041 2159 una
1069 2136 1153 2160 cum
1180 2136 1267 2170 rege
1296 2135 1391 2171 genu
1419 2123 1609 2159 flectentes
1637 2122 1758 2158 eidem
1787 2123 1912 2171 [abati]
1943 2123 2131 2160 dixerunt:
2159 2124 2214 2159 Pa
2238 2139 2261 2164 ἢ,
2283 2131 2285 2155 1

434 2192 449 2210 “
466 2198 505 2228 tu
533 2191 630 2228 solus
657 2193 730 2228 hoc
757 2197 864 2239 potes
893 2191 1023 2237 facere,
1053 2197 1090 2226 et
1109 2191 1201 2227 dixit
1228 2202 1293 2226 rex
1311 2190 1450 2226 Abati:
1471 2191 1554 2226 Nisi
1574 2202 1632 2225 me
1651 2190 1784 2225 iuvetis
1810 2190 1925 2225 timeo
1953 2189 2054 2238 quod
2080 2201 2176 2239 papa
2194 2202 2253 2228 no

438 2259 644 2296 “absolvet.
700 2260 805 2295 Tunc
844 2257 994 2294 domina
1035 2258 1231 2293 Comitissa
1268 2257 1461 2293 adscendit
1496 2267 1621 2293 arcem
1638 2284 1673 2302 „‚
1703 2257 1786 2292 cios
1826 2267 1920 2292 sono
1957 2255 2231 2303 completamen
2247 2254 2254 2301 s

426 2326 624 2362 scambiate
653 2324 687 2361 le
715 2325 820 2372 parti,
841 2336 860 2359 e
878 2324 904 2359 il
933 2336 972 2359 re
1000 2323 1084 2360 dice
1113 2322 1282 2359 all’abate
1312 2324 1371 2359 cio
1400 2325 1467 2359 che
1487 2324 1523 2358 in
1542 2324 1734 2358 Donizone
1755 2323 1838 2358 dice
1866 2334 1888 2357 a
1915 2321 2086 2359 Matilde.
2140 2322 2253 2359 Abb

430 2397 553 2427 stanza
581 2397 695 2427 esatta
724 2392 744 2426 ὲ
771 2391 806 2426 la
833 2390 1064 2438 spiegazione
1093 2391 1160 2426 che
1188 2392 1208 2426 ὲ
1238 2390 1323 2426 data
1360 2401 1457 2436 poco
1494 2389 1596 2436 dopo
1633 2388 1730 2424 della
1758 2401 1888 2425 oscura
1923 2389 2017 2425 frase
2045 2388 2107 2425 del
2133 2377 2258 2439 poen]
2282 2386 2285 2431 ⁵,

429 2459 496 2493 che
524 2459 707 2494 Mantova
736 2470 798 2493 era
827 2458 1007 2494 contraria
1034 2457 1068 2492 al
1097 2468 1292 2504 convegno
1331 2456 1366 2491 di
1393 2457 1530 2492 Enrico
1566 2457 1621 2492 1V
1658 2468 1678 2492 e
1717 2456 1902 2503 Gregorio
1938 2456 2035 2492 nelle
2062 2468 2126 2492 sue
2153 2468 2193 2493 m
2244 2475 2246 2477 ·
2282 2471 2284 2478 ’

428 2526 561 2572 perche
590 2531 738 2561 temeva
773 2524 908 2560 “subdi
937 2524 1076 2571 placito
1094 2551 1127 2571 „‚
1158 2524 1239 2561 cios
1274 2525 1289 2542 “
1309 2524 1506 2559 Timebant
1543 2524 1641 2559 enim
1677 2523 1872 2558 Mantuani
1908 2521 2009 2571 quod
2045 2534 2119 2558 non
2157 2535 2206 2560 vo
2239 2548 2241 2551 .
2281 2539 2283 2543 ¹

436 2591 590 2628 “rentur
618 2592 665 2628 ad
691 2591 868 2627 iudicium
895 2603 990 2638 pape
1019 2596 1056 2626 et
1084 2591 1313 2639 imperatoris
1329 2616 1361 2635 „.
2259 2635 2267 2641 .,

514 2657 704 2704 Riguardo
734 2658 768 2693 al
796 2657 1013 2705 consigliere
1044 2657 1227 2704 spirituale
1256 2657 1294 2693 di
1312 2655 1469 2692 Matilde
1488 2656 1525 2691 lo
1553 2656 1721 2691 scrittore
1750 2668 1789 2691 sa
1819 2656 1886 2692 che
1913 2655 2094 2691 Anselmo
2129 2655 2245 2699 “ista
2263 2646 2283 2693 '2

439 2725 453 2742 “
471 2723 630 2760 docebat
658 2723 777 2760 dictus
807 2729 951 2759 sanctus
979 2728 1016 2759 et
1044 2729 1219 2771 quantum
1247 2722 1294 2758 ad
1324 2722 1649 2770 contemplativam
1677 2723 1794 2757 vitam
1830 2729 1867 2758 et
1895 2727 2068 2771 quantum
2104 2721 2152 2757 ad
2179 2733 2241 2758 ac·
2280 2731 2283 2744 ¹

437 2856 452 2873 “
470 2857 546 2891 eius
573 2857 738 2892 conscilii
765 2857 938 2892 insurexit
976 2861 1102 2892 contra
1129 2856 1332 2892 Henricum
1361 2861 1398 2892 et
1427 2856 1505 2892 eius
1533 2866 1725 2903 sequaces:
1755 2857 1832 2902 ipsa
1869 2857 1945 2891 eius
1982 2856 2146 2892 conxilio
2186 2872 2193 2887 :
2248 2862 2255 2897 ἲ,

435 2790 449 2807 ⁴⁴
469 2800 570 2825 vam:
600 2790 765 2826 dictabat
792 2791 862 2825 sibi
889 2801 1041 2836 magnas
1069 2795 1107 2825 et
1134 2789 1260 2836 longas
1288 2789 1473 2825 orationes
1501 2802 1590 2838 quas
1617 2791 1695 2837 ipsa
1715 2790 1863 2825 dicebat
1889 2790 1927 2824 in
1955 2791 2132 2825 oratione.

436 2921 450 2939 “
469 2922 579 2958 bebat
606 2923 728 2958 literas
755 2924 976 2970 ubicumque
1004 2928 1148 2970 poterat
1175 2935 1220 2958 ne
1249 2923 1364 2958 errori
1392 2922 1469 2958 eius
1504 2917 1708 2958 simoniaco
1737 2923 1883 2959 daretur
1919 2921 2021 2967 fides,
2049 2934 2160 2970 quem
2186 2934 2241 2970 pr

436 2989 450 3006 “
471 2987 588 3024 dietus
607 2989 805 3025 Guibertus
832 2990 1002 3025 fovebat:
1032 2989 1228 3025 mandabat
1255 2990 1426 3024 omnibus
1453 2989 1553 3036 quod
1582 2988 1776 3025 obedirent
1805 2989 1989 3035 Gregorio
2017 2999 2130 3036 pape:
2159 3000 2217 3024 su·
2240 2975 2243 2981 Ι
