2288 3476
395 204 512 242 XXX
1149 206 1490 244 PREFAZIONE

392 329 539 362 debetur
561 328 759 372 virginibus.
806 327 851 360 Et
873 334 956 361 nota
978 335 1220 371 argumentum
1245 329 1341 372 quod
1364 329 1439 372 ipsa
1462 339 1635 373 nunquam
1658 329 1779 363 habuit
1802 330 1924 370 virum,
1947 337 2066 373 postea
2081 331 2240 364 humiliat

393 392 430 414 se
455 382 535 424 quia
559 382 626 414 hoc
649 382 743 424 quod
767 381 890 414 scribit
913 388 963 414 est
986 382 1114 414 donum
1138 381 1195 414 dei
1227 389 1262 414 et
1284 382 1379 425 quod
1409 383 1484 425 ipse
1511 393 1645 425 pauper
1675 383 1830 416 sciencia
1861 389 1895 416 et
1918 383 2061 428 ingenio
2092 385 2236 418 metrice

394 436 544 469 intendit
567 446 707 468 narrare
731 445 798 478 que
823 435 918 468 dicta
941 441 1031 468 sunt.

882 515 1042 560 Explicit
1064 516 1242 559 Prologus
1262 517 1410 560 primus,
1438 517 1564 560 incipit
1584 518 1754 550 secundus.

481 623 640 655 Primum
663 622 869 665 capitulum.-
894 623 929 654 in
952 623 1095 655 secundo
1118 623 1270 666 prologo
1292 623 1342 656 sic
1357 624 1521 666 procedit.
1561 623 1679 657 Primo
1696 624 1791 667 quod
1807 623 1917 664 Plato,
1934 625 1992 668 qui
2009 625 2075 658 fuit
2090 636 2241 659 summus
2260 642 2263 643 ⁷

394 677 618 719 philosophus
642 681 677 708 et
699 676 812 714 Maro,
836 676 895 719 qui
920 676 986 708 fuit
1009 687 1160 709 summus
1183 681 1297 719 poeta,
1321 687 1391 710 non
1415 676 1611 710 sufficerent
1634 689 1775 711 narrare
1799 684 1864 711 etc.

438 788 511 820 Hic
533 788 657 831 incipit
679 787 796 830 origo:
821 787 876 819 De
907 787 1125 820 Comum‘catu
1138 787 1174 829 (Ι)
1204 788 1338 830 lucensi,
1360 793 1411 820 set
1432 792 1515 832 puto
1538 789 1629 832 quod
1640 788 1720 833 fuit
1741 790 1783 821 de
1807 789 2026 823 Comunicatu
2056 791 2196 824 lunensi.

1092 840 1281 874 Secundum
1304 841 1492 886 capitulum
1507 842 1527 875 ¹.

481 921 649 964 Princeps
672 921 824 964 quidam,
849 921 989 954 nomine
1014 921 1246 965 Sigfflfredus,
1270 922 1352 954 hinc
1376 922 1444 955 fuit
1468 928 1589 964 potens
1613 928 1648 955 et
1678 933 1822 966 magnus
1852 924 1890 956 in
1920 934 1987 966 ope
2014 931 2048 957 et
2070 934 2240 963 sermone,

392 975 520 1008 divitiis
544 981 579 1007 et
602 975 758 1017 potentia
781 981 815 1007 et
837 975 995 1008 subditis.
1042 975 1110 1007 Hic
1134 975 1254 1008 habuit
1278 981 1347 1008 tres
1370 975 1459 1008 filios
1482 975 1725 1018 probissimos:
1758 977 1888 1019 primus
1918 987 2065 1021 quorum
2095 983 2242 1011 vocatus

395 1034 446 1062 est
467 1027 565 1066 Atto,
588 1033 623 1061 et
646 1028 820 1061 secundus
845 1028 1060 1071 Sigifredus:
1085 1028 1213 1061 tercius
1236 1029 1294 1071 qui
1317 1034 1391 1061 erat
1414 1029 1527 1061 minor
1550 1028 1738 1062 Gerardus.
1786 1029 1854 1062 Hic
1877 1035 1987 1072 pater,
2011 1030 2143 1064 dimisis
2171 1030 2242 1064 suis

393 1081 571 1121 connatis,
595 1081 755 1114 transivit
777 1082 816 1113 in
838 1081 1100 1119 Lumbardiam‚
1124 1081 1219 1115 circa
1242 1087 1377 1115 montes
1400 1081 1524 1114 Parme
1547 1088 1581 1115 et
1604 1082 1720 1126 Regii.
1767 1083 1819 1116 Eo
1849 1090 1985 1116 mortuo
2009 1083 2070 1116 filii
2092 1094 2130 1117 se
2153 1084 2242 1118 divi-
2280 1107 2283 1109 Δ

390 1141 519 1174 serunt,
543 1136 612 1168 duo
644 1135 757 1167 silicet
781 1135 980 1178 Sigifredus
1011 1135 1091 1177 (fuit
1122 1141 1219 1178 pater
1249 1135 1399 1176 illorum)
1423 1142 1457 1167 et
1481 1135 1658 1168 Gerardus
1689 1137 1774 1169 facti
1798 1142 1877 1168 sunt
1907 1137 2003 1170 cives
2032 1147 2243 1180 parmenses.
2278 1159 2288 1182 ς

391 1189 587 1233 Sigifredus
611 1189 677 1221 fuit
699 1194 798 1231 pater
821 1189 960 1221 illorum
985 1190 1030 1222 de
1053 1188 1197 1227 Baratis,
1223 1189 1401 1222 Gerardus
1423 1189 1492 1221 fuit
1514 1195 1614 1231 pater
1637 1189 1932 1223 Guibertinorum.

478 1241 540 1276 Set
561 1241 682 1275 ccendo
694 1241 730 1283 (1)
754 1241 888 1283 [credo]
914 1242 1004 1285 quod
1023 1242 1084 1274 isti
1095 1247 1173 1274 sunt
1195 1241 1339 1284 Dragi:
1364 1245 1398 1274 et
1420 1242 1474 1274 illi
1494 1243 1535 1274 de
1551 1242 1634 1274 Zeso
1657 1243 1699 1275 de
1714 1242 1833 1286 Regio
1858 1244 2011 1276 dominis.
2057 1244 2140 1277 Atto
2153 1243 2241 1289 fra-
2272 1240 2288 1293 j

390 1300 461 1328 tres
482 1307 558 1328 suos
580 1295 721 1328 excessit
742 1295 779 1327 in
801 1295 935 1327 divitiis
951 1295 1122 1338 probitate
1145 1299 1180 1327 et
1200 1296 1365 1338 potentia.
1396 1296 1465 1328 Iste
1486 1295 1681 1340 heduficavit
1704 1296 1869 1329 Canosam
1885 1301 1919 1329 et
1934 1298 2064 1330 turibus
2085 1297 2242 1342 pallaciis
2271 1289 2288 1320 ἶ

392 1354 426 1382 et
447 1349 555 1382 muris
577 1349 740 1381 extruxit.

478 1403 582 1435 Tunc
604 1402 772 1445 temporis
794 1402 1007 1435 Lumbardia
1030 1401 1181 1435 habebat
1211 1412 1330 1446 regem
1353 1407 1387 1435 et
1410 1402 1476 1434 fuit
1499 1401 1562 1434 sub
1594 1402 1734 1447 regibus
1766 1403 1966 1447 quingentis
1996 1403 2107 1437 annis.
2151 1403 2197 1437 Et
2220 1415 2241 1437 a
2286 1415 2288 1417 ’

391 1456 518 1489 Cat-olo
542 1465 668 1500 magno
693 1466 802 1499 usque
834 1456 879 1488 ad
910 1461 1067 1498 tempora
1097 1454 1235 1498 Ugonis
1265 1456 1357 1499 regis
1389 1456 1447 1499 qui
1478 1456 1546 1488 fuit
1574 1456 1618 1488 de
1649 1457 1780 1498 populo
1812 1456 1901 1489 bruti
1933 1467 1978 1489 ex
2008 1456 2240 1502 Alobrogibus
2280 1475 2288 1490 a

392 1510 559 1552 partibus.
605 1509 697 1542 Puto
720 1509 811 1552 quod
831 1509 902 1548 fuit
924 1508 966 1541 de
990 1508 1085 1541 domo
1109 1509 1238 1541 Karoli
1259 1520 1334 1541 cum
1357 1510 1428 1541 eius
1449 1512 1568 1552 patres
1581 1509 1734 1553 fuerunt
1756 1510 1946 1543 theotonici.

481 1563 550 1596 Iste
573 1574 637 1596 rex
659 1563 740 1606 Ugo
763 1563 851 1596 iuste
876 1568 911 1595 et
934 1568 1055 1595 sancte
1078 1563 1224 1606 regebat
1253 1573 1398 1606 regnum
1429 1562 1718 1596 Lumbardorum.
1765 1563 1833 1596 Hic
1856 1570 2010 1597 mortuus
2032 1570 2093 1603 est,
2116 1564 2240 1598 relicto

2274 1498 2288 1555 ἕ

392 1616 461 1650 filio
483 1627 546 1650 suo
568 1616 737 1650 Lothario
762 1616 904 1649 nomine
918 1626 1013 1659 rege,
1030 1616 1090 1658 qui
1108 1615 1261 1648 habebat
1275 1626 1420 1648 uxorem
1444 1617 1583 1649 nomine
1606 1615 1830 1649 Adhelletam
1853 1617 2039 1660 spetiosam
2055 1624 2091 1651 et
2105 1618 2242 1661 sapien·
2278 1623 2288 1658 ς’

391 1675 472 1702 tem.
518 1670 610 1703 Huic
633 1669 776 1703 Lotario
801 1675 876 1702 erat
898 1669 1009 1701 milles
1027 1669 1267 1712 Bereingerius
1290 1669 1434 1702 multum
1456 1675 1588 1702 amatus
1605 1675 1639 1702 et
1654 1676 1822 1703 strenuus.
1869 1669 1940 1708 Qui
1956 1675 2091 1704 mortuo
2113 1670 2243 1704 Lotha-
2272 1701 2276 1706 .

392 1724 446 1756 rio
469 1733 551 1767 rege
576 1724 670 1766 cepit
699 1723 866 1767 reginam,
898 1734 940 1756 eo
970 1723 1066 1765 quod
1096 1722 1250 1755 nollebat
1281 1723 1475 1755 consentire
1507 1734 1585 1755 eum
1616 1723 1652 1755 in
1676 1723 1787 1755 virum
1818 1724 1992 1766 accipere:
2026 1724 2103 1768 ipse
2126 1729 2241 1758 autem
2271 1718 2286 1763 12]

393 1776 516 1810 invasit
538 1787 683 1821 regnum
708 1783 742 1809 et
765 1776 944 1821 tyrranice
968 1775 1122 1820 regebat.

482 1831 566 1864 Erat
588 1837 703 1864 autem
735 1837 818 1864 tunc
849 1830 927 1863 talis
958 1830 1175 1863 consuetudo
1206 1830 1243 1862 in
1273 1829 1487 1863 Lumbardia
1518 1830 1612 1873 quod
1642 1831 1850 1874 quicumque
1881 1831 2020 1874 accipet
2031 1830 2067 1872 (1)
2097 1841 2240 1864 uxorem
2272 1831 2283 1860 ’ἲ

391 1885 485 1928 regis
507 1885 677 1923 defuncti,
700 1885 774 1927 ipse
799 1884 951 1917 debebat
974 1894 1049 1917 esse
1073 1895 1145 1917 rex.
1192 1883 1350 1927 Cumque
1366 1883 1488 1927 regina
1503 1884 1610 1917 nollet
1624 1895 1702 1916 eum
1718 1885 1887 1923 maritum,
1910 1884 2140 1918 incarceravit
2162 1894 2239 1918 eam
2273 1895 2275 1898 ·

392 1937 428 1969 in
459 1938 631 1971 Sirmione
655 1948 761 1980 super
785 1937 899 1970 lacum
925 1937 1040 1970 Garde
1063 1937 1100 1968 in
1125 1936 1289 1969 comitatu
1312 1937 1414 1976 (corr.
1439 1936 1484 1969 da
1516 1937 1748 1978 comunicatu)
1771 1937 1966 1977 veronensi,
1996 1947 2065 1970 non
2096 1936 2241 1970 dimissit
2269 1950 2277 1976 2.

392 2001 471 2023 cum
494 2001 536 2024 ea
558 1990 624 2024 nisi
647 2001 753 2023 unum
775 1990 994 2023 sacerdotem
1017 1989 1155 2022 nomine
1178 1989 1378 2027 Martinum‚
1402 1995 1437 2022 et
1459 1999 1563 2022 unam
1587 1989 1751 2022 famulam
1776 2001 1844 2033 que
1866 1989 1933 2022 sibi
1955 1989 2183 2030 ministrabat,
2207 1995 2242 2023 et

390 2043 518 2077 ibidem
541 2044 658 2088 aliquo
681 2050 838 2086 tempore
869 2049 1047 2076 steterunt.
1094 2041 1266 2080 Tandem,
1298 2043 1364 2075 deo
1387 2042 1551 2080 vollente,
1583 2043 1747 2075 sacerdos
1778 2043 1885 2087 fregit
1914 2053 2092 2076 carcerem
2122 2049 2159 2076 et
2181 2053 2241 2076 eas
2269 2073 2272 2081 ,

390 2098 510 2131 eduxit
531 2098 568 2130 in
591 2097 712 2131 habitu
735 2096 840 2135 virili,
864 2102 948 2129 tunc
973 2096 1046 2138 ipse
1071 2107 1149 2128 cum
1173 2096 1241 2128 illis
1264 2096 1358 2139 fugit
1381 2096 1425 2128 ad
1458 2095 1572 2128 lacum
1602 2095 1747 2129 Mantue
1770 2102 1805 2128 et
1834 2096 2039 2129 invenerunt
2069 2096 2105 2128 in
2134 2107 2240 2130 unum
2266 2102 2268 2106 “

394 2150 521 2184 bonum
543 2156 694 2190 nautam,
719 2151 775 2183 cui
798 2150 862 2183 sub
885 2150 1078 2182 iuramento
1102 2149 1257 2192 prodidit
1287 2149 1431 2182 factum.
1477 2149 1711 2192 Congaudens
1742 2155 1858 2182 autem
1888 2156 1995 2182 nauta
2024 2149 2167 2183 donavit
2190 2150 2242 2182 eis
2265 2150 2276 2171 t

391 2215 495 2237 unum
518 2204 646 2237 bonum
669 2204 801 2246 piscem
826 2209 861 2236 et
885 2203 1046 2246 deposuit
1069 2214 1128 2235 eas
1150 2212 1261 2245 prope
1284 2213 1386 2235 unam
1410 2201 1530 2234 silvam
1553 2203 1751 2246 contiguam
1776 2203 1867 2235 lacui
1890 2209 2086 2236 mantuano.

480 2257 612 2290 Audivi
632 2257 704 2290 dici
724 2257 816 2300 quod
835 2261 885 2289 est
906 2257 993 2289 silva
1016 2257 1059 2288 de
1081 2255 1217 2288 Razoli.

479 2340 636 2376 Ometto
663 2339 688 2374 il
715 2344 816 2375 resto
844 2339 911 2373 che
939 2338 969 2373 si
997 2337 1159 2373 riferisce
1187 2337 1219 2372 al
1250 2349 1330 2384 cap.
1359 2338 1374 2372 I
1403 2337 1440 2372 di
1468 2337 1661 2374 Donizone
1690 2337 1758 2373 che
1786 2338 1846 2384 qui
1876 2338 1896 2372 ὲ
1926 2337 2030 2374 detto
2048 2338 2093 2383 11,
2122 2350 2142 2373 e
2172 2337 2240 2374 che
2263 2336 2265 2341 ’

395 2418 469 2441 non
496 2406 582 2441 vale
610 2406 672 2453 piu
700 2404 798 2441 della
826 2409 928 2452 parte
957 2404 1197 2451 precedente.

393 2519 587 2564 Capitulum
610 2520 764 2553 tercium.
810 2518 916 2561 ,Quod
929 2518 1081 2551 dominus
1104 2517 1187 2551 Atto
1201 2518 1281 2563 fuit
1302 2519 1439 2551 devotus
1455 2522 1489 2551 et
1511 2519 1601 2562 quod
1621 2519 1784 2562 aquisivit
1806 2519 1913 2551 multa
1935 2522 2084 2562 corpora
2105 2523 2237 2552 sancto-

484 2585 561 2606 rum
582 2574 619 2606 in
642 2573 781 2606 ecclesia
808 2572 987 2605 Canusina.

481 2655 560 2686 Dux
582 2653 666 2687 Atto
688 2653 889 2696 impetravit
912 2663 931 2685 a
955 2652 1103 2695 quodam
1127 2662 1211 2695 rege
1227 2662 1376 2694 corpora
1398 2658 1595 2685 sanctorum
1619 2652 1796 2685 martirum
1820 2652 1975 2685 Victoris
1992 2658 2027 2686 et
2041 2651 2181 2686 Corone
2203 2657 2238 2685 et
2267 2655 2271 2691 s

391 2714 494 2750 caput
517 2718 596 2741 cum
611 2708 756 2740 humero
779 2706 999 2739 venerabillis
1023 2707 1233 2738 confessoris
1257 2706 1352 2738 beati
1375 2704 1568 2748 Apollonii,
1585 2706 1679 2749 quod
1696 2705 1760 2738 sibi
1786 2706 1987 2748 procuravit
2010 2705 2237 2739 Gothifi-edus
2267 2695 2269 2709 ⁵

394 2761 483 2793 filius
504 2762 576 2793 eius
599 2762 782 2803 episcopus
806 2759 999 2792 Brisiensis.
1046 2759 1125 2791 Dux
1150 2765 1264 2792 autem
1288 2758 1370 2792 Atto
1394 2766 1472 2802 post
1494 2760 1561 2792 ista
1583 2759 1694 2792 voluit
1717 2759 1862 2792 tendere
1886 2760 1931 2792 ad
1954 2759 2158 2792 umilitatem
2174 2770 2237 2802 pe·

394 2814 547 2852 nitentie‚
571 2820 605 2847 et
628 2813 782 2846 edificari
806 2813 971 2855 templum
1003 2813 1184 2845 mandavit
1207 2813 1244 2844 in
1273 2813 1439 2845 honorem
1473 2813 1531 2845 dei
1554 2813 1707 2856 phynum
1722 2813 1757 2853 (1)
1787 2813 2005 2845 mattutinum
2037 2812 2237 2846 collendum

393 2866 621 2910 diui-numque
645 2866 784 2899 offitium
808 2875 945 2909 quoque
969 2871 1095 2908 pantus
1108 2865 1142 2906 (1)
1167 2871 1202 2898 et
1225 2871 1407 2898 noturnum
1432 2865 1465 2897 in
1491 2866 1614 2898 eodem
1646 2865 1776 2908 templo
1809 2865 2026 2898 devotissime
2060 2865 2240 2898 celebran-
2262 2863 2275 2910 ἦ

484 2998 491 3013 ¹
512 2999 619 3028 Quo-ta
639 3001 840 3025 numerazione
860 3008 917 3024 non
939 3000 1082 3025 concorda
1099 3006 1155 3025 con
1170 2998 1287 3024 l’indice
1341 3007 1481 3032 premesso
1501 2999 1695 3034 all’Epitome.
