<?xml version="1.0" encoding="UTF-8"?>
<!DOCTYPE html PUBLIC "-//W3C//DTD XHTML 1.0 Transitional//EN"
    "http://www.w3.org/TR/xhtml1/DTD/xhtml1-transitional.dtd">
<html xmlns="http://www.w3.org/1999/xhtml" xml:lang="en" lang="en">
 <head>
  <title>
</title>
<meta http-equiv="Content-Type" content="text/html;charset=utf-8" />
  <meta name='ocr-system' content='tesseract 3.04.00' />
  <meta name='ocr-capabilities' content='ocr_page ocr_carea ocr_par ocr_line ocrx_word'/>
</head>
<body>
  <div class='ocr_page' id='page_1' title='image "./rerumitalicarums523murauoft_0085.png"; bbox 0 0 2288 3476; ppageno 0'>
   <div class='ocr_carea' id='block_1_1' title="bbox 345 813 2100 858">
    <p class='ocr_par' dir='ltr' id='par_1_1' title="bbox 345 813 2100 858">
     <span class='ocr_line' id='line_1_1' title="bbox 345 813 2100 858; baseline -0.003 -3"><span class='ocrx_word' id='word_1_1' title='bbox 345 813 664 856; x_wconf 86' lang='lat' dir='ltr'>PRINCIPIUM</span> <span class='ocrx_word' id='word_1_2' title='bbox 697 813 828 856; x_wconf 85' lang='lat' dir='ltr'><strong>LIBRI</strong></span> <span class='ocrx_word' id='word_1_3' title='bbox 860 813 926 856; x_wconf 88' lang='lat' dir='ltr'>DE</span> <span class='ocrx_word' id='word_1_4' title='bbox 959 813 1298 857; x_wconf 87' lang='lat' dir='ltr'>PRINCIPIBUS</span> <span class='ocrx_word' id='word_1_5' title='bbox 1332 813 1635 858; x_wconf 87' lang='lat' dir='ltr'>CANUSINIS.</span> <span class='ocrx_word' id='word_1_6' title='bbox 1970 825 2100 850; x_wconf 67' lang='lat' dir='ltr'>M02.,³⁴⁵</span> 
     </span>
    </p>
   </div>
   <div class='ocr_carea' id='block_1_2' title="bbox 474 934 1504 979">
    <p class='ocr_par' dir='ltr' id='par_1_2' title="bbox 474 934 1504 979">
     <span class='ocr_line' id='line_1_2' title="bbox 474 934 1504 979; baseline 0.002 -12"><span class='ocrx_word' id='word_1_7' title='bbox 474 934 635 968; x_wconf 78' lang='lat' dir='ltr'>Plurima</span> <span class='ocrx_word' id='word_1_8' title='bbox 656 935 849 968; x_wconf 74' lang='lat' dir='ltr'><em>scribentur</em></span> <span class='ocrx_word' id='word_1_9' title='bbox 871 939 982 968; x_wconf 78' lang='lat' dir='ltr'>metra</span> <span class='ocrx_word' id='word_1_10' title='bbox 1005 935 1047 967; x_wconf 79' lang='lat' dir='ltr'>de</span> <span class='ocrx_word' id='word_1_11' title='bbox 1069 936 1187 979; x_wconf 80' lang='lat' dir='ltr'>quibus</span> <span class='ocrx_word' id='word_1_12' title='bbox 1208 941 1246 968; x_wconf 83' lang='lat' dir='ltr'>ut</span> <span class='ocrx_word' id='word_1_13' title='bbox 1267 941 1504 970; x_wconf 75' lang='lat' dir='ltr'><em>memorentur.</em></span> 
     </span>
    </p>
   </div>
   <div class='ocr_carea' id='block_1_3' title="bbox 378 1201 2091 2370">
    <p class='ocr_par' dir='ltr' id='par_1_3' title="bbox 460 1201 2091 1352">
     <span class='ocr_line' id='line_1_3' title="bbox 462 1201 1355 1246; baseline 0.001 -11"><span class='ocrx_word' id='word_1_14' title='bbox 462 1201 572 1235; x_wconf 81' lang='lat' dir='ltr'>Vivus</span> <span class='ocrx_word' id='word_1_15' title='bbox 595 1202 624 1235; x_wconf 80' lang='lat' dir='ltr'>si</span> <span class='ocrx_word' id='word_1_16' title='bbox 647 1202 748 1236; x_wconf 83' lang='lat' dir='ltr'>Plato</span> <span class='ocrx_word' id='word_1_17' title='bbox 770 1202 863 1235; x_wconf 80' lang='lat' dir='ltr'>foret</span> <span class='ocrx_word' id='word_1_18' title='bbox 885 1203 1055 1236; x_wconf 86' lang='lat' dir='ltr'>hactenus</span> <span class='ocrx_word' id='word_1_19' title='bbox 1077 1202 1220 1246; x_wconf 78' lang='lat' dir='ltr'>ipseque</span> <span class='ocrx_word' id='word_1_20' title='bbox 1243 1204 1355 1242; x_wconf 83' lang='lat' dir='ltr'>Maro,</span> 
     </span>
     <span class='ocr_line' id='line_1_4' title="bbox 460 1255 2091 1299; baseline -0.001 -11"><span class='ocrx_word' id='word_1_21' title='bbox 460 1255 665 1288; x_wconf 86' lang='lat' dir='ltr'>Innumeros</span> <span class='ocrx_word' id='word_1_22' title='bbox 686 1265 806 1288; x_wconf 88' lang='lat' dir='ltr'>versus</span> <span class='ocrx_word' id='word_1_23' title='bbox 829 1256 930 1288; x_wconf 87' lang='lat' dir='ltr'>daret</span> <span class='ocrx_word' id='word_1_24' title='bbox 953 1255 1022 1287; x_wconf 88' lang='lat' dir='ltr'>illis</span> <span class='ocrx_word' id='word_1_25' title='bbox 1043 1255 1177 1299; x_wconf 88' lang='lat' dir='ltr'>fingere</span> <span class='ocrx_word' id='word_1_26' title='bbox 1201 1261 1337 1299; x_wconf 89' lang='lat' dir='ltr'>tempus</span> <span class='ocrx_word' id='word_1_27' title='bbox 2000 1269 2064 1286; x_wconf 78' lang='lat' dir='ltr'>c.10</span> <span class='ocrx_word' id='word_1_28' title='bbox 2077 1270 2091 1285; x_wconf 76' lang='lat' dir='ltr'>r</span> 
     </span>
     <span class='ocr_line' id='line_1_5' title="bbox 461 1308 1396 1352; baseline 0.001 -10"><span class='ocrx_word' id='word_1_29' title='bbox 461 1309 569 1348; x_wconf 86' lang='lat' dir='ltr'>Istud,</span> <span class='ocrx_word' id='word_1_30' title='bbox 594 1309 638 1341; x_wconf 92' lang='lat' dir='ltr'>de</span> <span class='ocrx_word' id='word_1_31' title='bbox 661 1308 788 1341; x_wconf 83' lang='lat' dir='ltr'>nostris</span> <span class='ocrx_word' id='word_1_32' title='bbox 811 1308 969 1347; x_wconf 86' lang='lat' dir='ltr'>ducibus,</span> <span class='ocrx_word' id='word_1_33' title='bbox 994 1319 1082 1352; x_wconf 87' lang='lat' dir='ltr'>quos</span> <span class='ocrx_word' id='word_1_34' title='bbox 1103 1314 1196 1342; x_wconf 85' lang='lat' dir='ltr'>totus</span> <span class='ocrx_word' id='word_1_35' title='bbox 1219 1309 1279 1342; x_wconf 92' lang='lat' dir='ltr'>hic</span> <span class='ocrx_word' id='word_1_36' title='bbox 1303 1309 1396 1343; x_wconf 86' lang='lat' dir='ltr'>orbis</span> 
     </span>
    </p>

    <p class='ocr_par' dir='ltr' id='par_1_4' title="bbox 379 1361 1469 1618">
     <span class='ocr_line' id='line_1_6' title="bbox 379 1361 1387 1404; baseline 0.002 -10"><span class='ocrx_word' id='word_1_37' title='bbox 379 1370 414 1404; x_wconf 86' lang='lat'>⁶5</span> <span class='ocrx_word' id='word_1_38' title='bbox 461 1362 630 1395; x_wconf 80' lang='lat' dir='ltr'><strong>Funditus</strong></span> <span class='ocrx_word' id='word_1_39' title='bbox 653 1371 727 1394; x_wconf 84' lang='lat' dir='ltr'>esse</span> <span class='ocrx_word' id='word_1_40' title='bbox 751 1367 857 1400; x_wconf 85' lang='lat' dir='ltr'>catos,</span> <span class='ocrx_word' id='word_1_41' title='bbox 882 1372 952 1395; x_wconf 87' lang='lat' dir='ltr'>non</span> <span class='ocrx_word' id='word_1_42' title='bbox 975 1361 1086 1395; x_wconf 87' lang='lat' dir='ltr'>solum</span> <span class='ocrx_word' id='word_1_43' title='bbox 1111 1363 1206 1395; x_wconf 80' lang='lat' dir='ltr'>fatur</span> <span class='ocrx_word' id='word_1_44' title='bbox 1229 1369 1264 1396; x_wconf 86' lang='lat' dir='ltr'>et</span> <span class='ocrx_word' id='word_1_45' title='bbox 1286 1363 1387 1403; x_wconf 83' lang='lat' dir='ltr'>altos,</span> 
     </span>
     <span class='ocr_line' id='line_1_7' title="bbox 461 1414 1244 1449; baseline 0 -1"><span class='ocrx_word' id='word_1_46' title='bbox 461 1416 569 1448; x_wconf 89' lang='lat' dir='ltr'>Immo</span> <span class='ocrx_word' id='word_1_47' title='bbox 593 1420 737 1448; x_wconf 83' lang='lat' dir='ltr'>testatur</span> <span class='ocrx_word' id='word_1_48' title='bbox 760 1415 805 1448; x_wconf 87' lang='lat' dir='ltr'>de</span> <span class='ocrx_word' id='word_1_49' title='bbox 827 1414 953 1448; x_wconf 80' lang='lat' dir='ltr'>talibus</span> <span class='ocrx_word' id='word_1_50' title='bbox 975 1426 1018 1448; x_wconf 89' lang='lat' dir='ltr'>ac</span> <span class='ocrx_word' id='word_1_51' title='bbox 1043 1415 1244 1449; x_wconf 84' lang='lat' dir='ltr'><strong>lacrimatur</strong></span> 
     </span>
     <span class='ocr_line' id='line_1_8' title="bbox 460 1467 1469 1513; baseline 0.001 -11"><span class='ocrx_word' id='word_1_52' title='bbox 460 1468 635 1513; x_wconf 78' lang='lat' dir='ltr'><strong>Egregiis,</strong></span> <span class='ocrx_word' id='word_1_53' title='bbox 658 1478 810 1512; x_wconf 88' lang='lat' dir='ltr'>unquam</span> <span class='ocrx_word' id='word_1_54' title='bbox 833 1467 900 1501; x_wconf 88' lang='lat' dir='ltr'>sibi</span> <span class='ocrx_word' id='word_1_55' title='bbox 924 1469 1020 1512; x_wconf 89' lang='lat' dir='ltr'>quod</span> <span class='ocrx_word' id='word_1_56' title='bbox 1042 1468 1145 1513; x_wconf 84' lang='lat' dir='ltr'><strong>plaga</strong></span> <span class='ocrx_word' id='word_1_57' title='bbox 1170 1469 1263 1502; x_wconf 89' lang='lat' dir='ltr'>nulla</span> <span class='ocrx_word' id='word_1_58' title='bbox 1286 1471 1469 1504; x_wconf 87' lang='lat' dir='ltr'><strong>redundat.</strong></span> 
     </span>
     <span class='ocr_line' id='line_1_9' title="bbox 461 1522 1323 1565; baseline 0.001 -10"><span class='ocrx_word' id='word_1_59' title='bbox 461 1522 694 1565; x_wconf 68' lang='lat' dir='ltr'>Temporibus</span> <span class='ocrx_word' id='word_1_60' title='bbox 717 1522 842 1564; x_wconf 82' lang='lat' dir='ltr'>priscis</span> <span class='ocrx_word' id='word_1_61' title='bbox 865 1522 978 1554; x_wconf 89' lang='lat' dir='ltr'>nullus</span> <span class='ocrx_word' id='word_1_62' title='bbox 1001 1522 1123 1555; x_wconf 90' lang='lat' dir='ltr'>melior</span> <span class='ocrx_word' id='word_1_63' title='bbox 1145 1523 1211 1555; x_wconf 81' lang='lat' dir='ltr'>fuit</span> <span class='ocrx_word' id='word_1_64' title='bbox 1234 1523 1323 1561; x_wconf 87' lang='lat' dir='ltr'>istis;</span> 
     </span>
     <span class='ocr_line' id='line_1_10' title="bbox 461 1575 1333 1618; baseline 0 -9"><span class='ocrx_word' id='word_1_65' title='bbox 461 1577 552 1609; x_wconf 89' lang='lat' dir='ltr'>Nam</span> <span class='ocrx_word' id='word_1_66' title='bbox 575 1575 703 1608; x_wconf 85' lang='lat' dir='ltr'>Priami</span> <span class='ocrx_word' id='word_1_67' title='bbox 727 1576 845 1618; x_wconf 89' lang='lat' dir='ltr'>proles</span> <span class='ocrx_word' id='word_1_68' title='bbox 867 1575 920 1608; x_wconf 90' lang='lat' dir='ltr'>his</span> <span class='ocrx_word' id='word_1_69' title='bbox 942 1585 1012 1608; x_wconf 89' lang='lat' dir='ltr'>non</span> <span class='ocrx_word' id='word_1_70' title='bbox 1034 1576 1104 1609; x_wconf 90' lang='lat' dir='ltr'>sint</span> <span class='ocrx_word' id='word_1_71' title='bbox 1127 1576 1333 1615; x_wconf 85' lang='lat' dir='ltr'>nobiliores;</span> 
     </span>
    </p>

    <p class='ocr_par' dir='ltr' id='par_1_5' title="bbox 382 1629 1434 1878">
     <span class='ocr_line' id='line_1_11' title="bbox 382 1629 1268 1671; baseline 0 -8"><span class='ocrx_word' id='word_1_72' title='bbox 382 1644 417 1669; x_wconf 87' lang='lat'>70</span> <span class='ocrx_word' id='word_1_73' title='bbox 460 1629 616 1662; x_wconf 78' lang='lat' dir='ltr'>Ulterius</span> <span class='ocrx_word' id='word_1_74' title='bbox 639 1638 740 1661; x_wconf 88' lang='lat' dir='ltr'>nemo</span> <span class='ocrx_word' id='word_1_75' title='bbox 763 1639 828 1671; x_wconf 86' lang='lat' dir='ltr'>par</span> <span class='ocrx_word' id='word_1_76' title='bbox 850 1629 903 1661; x_wconf 88' lang='lat' dir='ltr'>his</span> <span class='ocrx_word' id='word_1_77' title='bbox 926 1636 1089 1662; x_wconf 85' lang='lat' dir='ltr'>nascetur</span> <span class='ocrx_word' id='word_1_78' title='bbox 1111 1630 1147 1662; x_wconf 89' lang='lat' dir='ltr'>in</span> <span class='ocrx_word' id='word_1_79' title='bbox 1171 1640 1268 1663; x_wconf 84' lang='lat' dir='ltr'>aevo.</span> 
     </span>
     <span class='ocr_line' id='line_1_12' title="bbox 461 1682 1434 1729; baseline 0.003 -14"><span class='ocrx_word' id='word_1_80' title='bbox 461 1683 509 1715; x_wconf 90' lang='lat' dir='ltr'>Hi</span> <span class='ocrx_word' id='word_1_81' title='bbox 531 1682 626 1715; x_wconf 91' lang='lat' dir='ltr'>velut</span> <span class='ocrx_word' id='word_1_82' title='bbox 647 1687 739 1716; x_wconf 86' lang='lat' dir='ltr'>astra</span> <span class='ocrx_word' id='word_1_83' title='bbox 762 1682 873 1715; x_wconf 87' lang='lat' dir='ltr'>nitent</span> <span class='ocrx_word' id='word_1_84' title='bbox 895 1683 939 1715; x_wconf 92' lang='lat' dir='ltr'>de</span> <span class='ocrx_word' id='word_1_85' title='bbox 962 1682 1091 1716; x_wconf 91' lang='lat' dir='ltr'>lumine</span> <span class='ocrx_word' id='word_1_86' title='bbox 1116 1684 1244 1727; x_wconf 91' lang='lat' dir='ltr'>quippe</span> <span class='ocrx_word' id='word_1_87' title='bbox 1268 1684 1434 1729; x_wconf 85' lang='lat' dir='ltr'>sophyae.</span> 
     </span>
     <span class='ocr_line' id='line_1_13' title="bbox 462 1735 1366 1775; baseline 0.002 -6"><span class='ocrx_word' id='word_1_88' title='bbox 462 1737 537 1770; x_wconf 86' lang='lat' dir='ltr'>Ceu</span> <span class='ocrx_word' id='word_1_89' title='bbox 559 1735 699 1769; x_wconf 87' lang='lat' dir='ltr'>Phebus</span> <span class='ocrx_word' id='word_1_90' title='bbox 722 1741 832 1769; x_wconf 79' lang='lat' dir='ltr'>terras</span> <span class='ocrx_word' id='word_1_91' title='bbox 855 1746 976 1769; x_wconf 85' lang='lat' dir='ltr'>omnes</span> <span class='ocrx_word' id='word_1_92' title='bbox 999 1736 1158 1775; x_wconf 78' lang='lat' dir='ltr'>illustrat,</span> <span class='ocrx_word' id='word_1_93' title='bbox 1182 1744 1218 1771; x_wconf 88' lang='lat' dir='ltr'>et</span> <span class='ocrx_word' id='word_1_94' title='bbox 1239 1738 1366 1771; x_wconf 84' lang='lat' dir='ltr'>herbas</span> 
     </span>
     <span class='ocr_line' id='line_1_14' title="bbox 460 1788 1334 1833; baseline 0.002 -11"><span class='ocrx_word' id='word_1_95' title='bbox 460 1788 636 1822; x_wconf 74' lang='lat' dir='ltr'>Confovet</span> <span class='ocrx_word' id='word_1_96' title='bbox 659 1799 701 1822; x_wconf 84' lang='lat' dir='ltr'>ac</span> <span class='ocrx_word' id='word_1_97' title='bbox 725 1789 843 1828; x_wconf 90' lang='lat' dir='ltr'>nutrit,</span> <span class='ocrx_word' id='word_1_98' title='bbox 867 1789 951 1833; x_wconf 89' lang='lat' dir='ltr'>quin</span> <span class='ocrx_word' id='word_1_99' title='bbox 974 1791 1176 1823; x_wconf 87' lang='lat' dir='ltr'>maturescit</span> <span class='ocrx_word' id='word_1_100' title='bbox 1199 1797 1234 1824; x_wconf 89' lang='lat' dir='ltr'>et</span> <span class='ocrx_word' id='word_1_101' title='bbox 1255 1791 1334 1832; x_wconf 85' lang='lat' dir='ltr'>urit,</span> 
     </span>
     <span class='ocr_line' id='line_1_15' title="bbox 458 1842 1206 1878; baseline 0.003 -3"><span class='ocrx_word' id='word_1_102' title='bbox 458 1842 590 1876; x_wconf 90' lang='lat' dir='ltr'>Horum</span> <span class='ocrx_word' id='word_1_103' title='bbox 613 1843 666 1875; x_wconf 89' lang='lat' dir='ltr'>sic</span> <span class='ocrx_word' id='word_1_104' title='bbox 688 1842 779 1875; x_wconf 89' lang='lat' dir='ltr'>ultra</span> <span class='ocrx_word' id='word_1_105' title='bbox 794 1842 960 1876; x_wconf 83' lang='lat' dir='ltr'>rutilabat</span> <span class='ocrx_word' id='word_1_106' title='bbox 983 1844 1080 1876; x_wconf 87' lang='lat' dir='ltr'>curia</span> <span class='ocrx_word' id='word_1_107' title='bbox 1103 1844 1206 1878; x_wconf 83' lang='lat' dir='ltr'>culta.</span> 
     </span>
    </p>

    <p class='ocr_par' dir='ltr' id='par_1_6' title="bbox 379 1896 1509 2154">
     <span class='ocr_line' id='line_1_16' title="bbox 379 1896 1509 1939; baseline 0.003 -10"><span class='ocrx_word' id='word_1_108' title='bbox 379 1909 412 1938; x_wconf 85' lang='lat'>⁷5</span> <span class='ocrx_word' id='word_1_109' title='bbox 458 1896 567 1930; x_wconf 84' lang='lat' dir='ltr'>Aulas</span> <span class='ocrx_word' id='word_1_110' title='bbox 589 1906 715 1939; x_wconf 85' lang='lat' dir='ltr'>nempe</span> <span class='ocrx_word' id='word_1_111' title='bbox 739 1896 878 1935; x_wconf 91' lang='lat' dir='ltr'>ducum,</span> <span class='ocrx_word' id='word_1_112' title='bbox 904 1897 1067 1929; x_wconf 89' lang='lat' dir='ltr'>comitum</span> <span class='ocrx_word' id='word_1_113' title='bbox 1091 1898 1309 1932; x_wconf 86' lang='lat' dir='ltr'>transcendit</span> <span class='ocrx_word' id='word_1_114' title='bbox 1332 1905 1367 1932; x_wconf 88' lang='lat' dir='ltr'>et</span> <span class='ocrx_word' id='word_1_115' title='bbox 1390 1910 1509 1938; x_wconf 82' lang='lat' dir='ltr'>usum3</span> 
     </span>
     <span class='ocr_line' id='line_1_17' title="bbox 458 1950 1301 1995; baseline 0.002 -12"><span class='ocrx_word' id='word_1_116' title='bbox 458 1950 575 1995; x_wconf 87' lang='lat' dir='ltr'>Regia</span> <span class='ocrx_word' id='word_1_117' title='bbox 597 1950 691 1983; x_wconf 81' lang='lat' dir='ltr'>dona</span> <span class='ocrx_word' id='word_1_118' title='bbox 715 1950 823 1989; x_wconf 86' lang='lat' dir='ltr'>dedit,</span> <span class='ocrx_word' id='word_1_119' title='bbox 846 1950 966 1984; x_wconf 90' lang='lat' dir='ltr'>docuit</span> <span class='ocrx_word' id='word_1_120' title='bbox 988 1951 1130 1990; x_wconf 80' lang='lat' dir='ltr'>bellare,</span> <span class='ocrx_word' id='word_1_121' title='bbox 1152 1953 1301 1995; x_wconf 88' lang='lat' dir='ltr'>peremit</span> 
     </span>
     <span class='ocr_line' id='line_1_18' title="bbox 459 2002 1436 2049; baseline 0.004 -14"><span class='ocrx_word' id='word_1_122' title='bbox 459 2002 560 2043; x_wconf 88' lang='lat' dir='ltr'>Quos</span> <span class='ocrx_word' id='word_1_123' title='bbox 581 2003 672 2036; x_wconf 82' lang='lat' dir='ltr'>mala</span> <span class='ocrx_word' id='word_1_124' title='bbox 695 2004 877 2046; x_wconf 84' lang='lat' dir='ltr'>conspexit</span> <span class='ocrx_word' id='word_1_125' title='bbox 899 2010 1050 2047; x_wconf 89' lang='lat' dir='ltr'>patrare,</span> <span class='ocrx_word' id='word_1_126' title='bbox 1073 2005 1245 2049; x_wconf 87' lang='lat' dir='ltr'>bonisque</span> <span class='ocrx_word' id='word_1_127' title='bbox 1267 2007 1436 2049; x_wconf 88' lang='lat' dir='ltr'>pepercit.</span> 
     </span>
     <span class='ocr_line' id='line_1_19' title="bbox 460 2056 1310 2101; baseline 0.002 -11"><span class='ocrx_word' id='word_1_128' title='bbox 460 2057 594 2090; x_wconf 85' lang='lat' dir='ltr'>Iudicio</span> <span class='ocrx_word' id='word_1_129' title='bbox 618 2056 716 2095; x_wconf 83' lang='lat' dir='ltr'>iusta,</span> <span class='ocrx_word' id='word_1_130' title='bbox 740 2056 915 2100; x_wconf 89' lang='lat' dir='ltr'>locuplex,</span> <span class='ocrx_word' id='word_1_131' title='bbox 934 2057 1126 2101; x_wconf 88' lang='lat' dir='ltr'>habilisque</span> <span class='ocrx_word' id='word_1_132' title='bbox 1151 2065 1310 2098; x_wconf 88' lang='lat' dir='ltr'>venusta;</span> 
     </span>
     <span class='ocr_line' id='line_1_20' title="bbox 460 2110 1317 2154; baseline 0.004 -11"><span class='ocrx_word' id='word_1_133' title='bbox 460 2110 579 2154; x_wconf 86' lang='lat' dir='ltr'>Iurgia</span> <span class='ocrx_word' id='word_1_134' title='bbox 601 2110 630 2143; x_wconf 84' lang='lat' dir='ltr'>si</span> <span class='ocrx_word' id='word_1_135' title='bbox 653 2122 722 2154; x_wconf 83' lang='lat' dir='ltr'>qua</span> <span class='ocrx_word' id='word_1_136' title='bbox 744 2117 879 2150; x_wconf 84' lang='lat' dir='ltr'>sonant,</span> <span class='ocrx_word' id='word_1_137' title='bbox 903 2111 992 2144; x_wconf 85' lang='lat' dir='ltr'>haec</span> <span class='ocrx_word' id='word_1_138' title='bbox 1015 2111 1092 2144; x_wconf 91' lang='lat' dir='ltr'>finit</span> <span class='ocrx_word' id='word_1_139' title='bbox 1114 2113 1211 2146; x_wconf 85' lang='lat' dir='ltr'>curia</span> <span class='ocrx_word' id='word_1_140' title='bbox 1234 2114 1317 2146; x_wconf 89' lang='lat' dir='ltr'>sola.</span> 
     </span>
    </p>

    <p class='ocr_par' dir='ltr' id='par_1_7' title="bbox 378 2163 2070 2370">
     <span class='ocr_line' id='line_1_21' title="bbox 378 2163 1424 2207; baseline 0.002 -9"><span class='ocrx_word' id='word_1_141' title='bbox 378 2172 414 2198; x_wconf 87' lang='lat'>80</span> <span class='ocrx_word' id='word_1_142' title='bbox 459 2163 626 2197; x_wconf 85' lang='lat' dir='ltr'>Hostibus</span> <span class='ocrx_word' id='word_1_143' title='bbox 648 2164 685 2196; x_wconf 91' lang='lat' dir='ltr'>hi</span> <span class='ocrx_word' id='word_1_144' title='bbox 708 2175 884 2207; x_wconf 84' lang='lat' dir='ltr'>nunquam</span> <span class='ocrx_word' id='word_1_145' title='bbox 908 2175 970 2197; x_wconf 89' lang='lat' dir='ltr'>sua</span> <span class='ocrx_word' id='word_1_146' title='bbox 991 2171 1117 2198; x_wconf 86' lang='lat' dir='ltr'>norant</span> <span class='ocrx_word' id='word_1_147' title='bbox 1140 2167 1282 2200; x_wconf 89' lang='lat' dir='ltr'>volvere</span> <span class='ocrx_word' id='word_1_148' title='bbox 1306 2167 1424 2200; x_wconf 86' lang='lat' dir='ltr'>dorsa:</span> 
     </span>
     <span class='ocr_line' id='line_1_22' title="bbox 455 2217 1261 2263; baseline 0.002 -12"><span class='ocrx_word' id='word_1_149' title='bbox 455 2217 595 2263; x_wconf 89' lang='lat' dir='ltr'>Regum</span> <span class='ocrx_word' id='word_1_150' title='bbox 617 2218 790 2262; x_wconf 74' lang='lat' dir='ltr'>signiferi,</span> <span class='ocrx_word' id='word_1_151' title='bbox 813 2218 1005 2252; x_wconf 87' lang='lat' dir='ltr'>vincebant</span> <span class='ocrx_word' id='word_1_152' title='bbox 1026 2219 1119 2252; x_wconf 84' lang='lat' dir='ltr'>bella</span> <span class='ocrx_word' id='word_1_153' title='bbox 1141 2220 1261 2263; x_wconf 87' lang='lat' dir='ltr'>periti:</span> 
     </span>
     <span class='ocr_line' id='line_1_23' title="bbox 457 2271 1285 2317; baseline 0.004 -13"><span class='ocrx_word' id='word_1_154' title='bbox 457 2272 614 2314; x_wconf 86' lang='lat' dir='ltr'>Ipsorum</span> <span class='ocrx_word' id='word_1_155' title='bbox 637 2271 791 2304; x_wconf 74' lang='lat' dir='ltr'>frameae</span> <span class='ocrx_word' id='word_1_156' title='bbox 814 2271 1020 2305; x_wconf 86' lang='lat' dir='ltr'>resecabant</span> <span class='ocrx_word' id='word_1_157' title='bbox 1043 2273 1147 2306; x_wconf 81' lang='lat' dir='ltr'>noxia</span> <span class='ocrx_word' id='word_1_158' title='bbox 1169 2273 1285 2317; x_wconf 88' lang='lat' dir='ltr'>sepe:&#39;</span> 
     </span>
     <span class='ocr_line' id='line_1_24' title="bbox 458 2325 2070 2370; baseline 0.005 -13"><span class='ocrx_word' id='word_1_159' title='bbox 458 2325 621 2358; x_wconf 86' lang='lat' dir='ltr'>Iusticiae</span> <span class='ocrx_word' id='word_1_160' title='bbox 644 2325 796 2369; x_wconf 83' lang='lat' dir='ltr'>palmam</span> <span class='ocrx_word' id='word_1_161' title='bbox 818 2325 1003 2369; x_wconf 85' lang='lat' dir='ltr'>gestabant</span> <span class='ocrx_word' id='word_1_162' title='bbox 1025 2336 1164 2370; x_wconf 87' lang='lat' dir='ltr'>semper</span> <span class='ocrx_word' id='word_1_163' title='bbox 1187 2334 1222 2361; x_wconf 88' lang='lat' dir='ltr'>et</span> <span class='ocrx_word' id='word_1_164' title='bbox 1245 2339 1351 2362; x_wconf 85' lang='lat' dir='ltr'>arma.</span> <span class='ocrx_word' id='word_1_165' title='bbox 1986 2341 2006 2357; x_wconf 75' lang='lat'>⁶·</span> <span class='ocrx_word' id='word_1_166' title='bbox 2023 2341 2070 2355; x_wconf 73' lang='lat'>¹⁰¹¹</span> 
     </span>
    </p>
   </div>
   <div class='ocr_carea' id='block_1_4' title="bbox 0 0 114 3476">
    <p class='ocr_par' dir='ltr' id='par_1_8' title="bbox 0 0 114 3476">
     <span class='ocr_line' id='line_1_25' title="bbox 0 0 113 2586; baseline 0 -9"><span class='ocrx_word' id='word_1_167' title='bbox 0 0 113 2586; x_wconf 95' lang='lat' dir='ltr'>     </span> 
     </span>
     <span class='ocr_line' id='line_1_26' title="bbox 0 2586 58 2742; baseline 0 -84"><span class='ocrx_word' id='word_1_168' title='bbox 0 2586 58 2742; x_wconf 95' lang='lat' dir='ltr'>    </span> 
     </span>
     <span class='ocr_line' id='line_1_27' title="bbox 0 2742 60 2868; baseline 0 0"><span class='ocrx_word' id='word_1_169' title='bbox 0 2742 60 2868; x_wconf 95' lang='lat' dir='ltr'>  </span> 
     </span>
     <span class='ocr_line' id='line_1_28' title="bbox 0 2868 114 2928; baseline 0 0"><span class='ocrx_word' id='word_1_170' title='bbox 0 2868 114 2928; x_wconf 95' lang='lat' dir='ltr'>  </span> 
     </span>
     <span class='ocr_line' id='line_1_29' title="bbox 0 2928 95 3476; baseline 0 -393"><span class='ocrx_word' id='word_1_171' title='bbox 0 2928 95 3476; x_wconf 95' lang='lat' dir='ltr'>    </span> 
     </span>
    </p>
   </div>
   <div class='ocr_carea' id='block_1_5' title="bbox 3 2435 1973 3066">
    <p class='ocr_par' dir='ltr' id='par_1_9' title="bbox 58 2435 1910 2517">
     <span class='ocr_line' id='line_1_30' title="bbox 145 2435 1910 2473; baseline 0.002 -11"><span class='ocrx_word' id='word_1_172' title='bbox 145 2437 169 2462; x_wconf 92' lang='lat' dir='ltr'>Il</span> <span class='ocrx_word' id='word_1_173' title='bbox 190 2437 361 2463; x_wconf 79' lang='lat' dir='ltr'>sottotitolo</span> <span class='ocrx_word' id='word_1_174' title='bbox 379 2435 394 2462; x_wconf 76' lang='grc' dir='ltr'>ὲ</span> <span class='ocrx_word' id='word_1_175' title='bbox 412 2445 451 2462; x_wconf 91' lang='lat' dir='ltr'>un</span> <span class='ocrx_word' id='word_1_176' title='bbox 471 2444 561 2469; x_wconf 82' lang='lat' dir='ltr'>verso,</span> <span class='ocrx_word' id='word_1_177' title='bbox 582 2437 612 2462; x_wconf 79' lang='lat' dir='ltr'>di</span> <span class='ocrx_word' id='word_1_178' title='bbox 631 2435 654 2462; x_wconf 79' lang='lat' dir='ltr'>li</span> <span class='ocrx_word' id='word_1_179' title='bbox 674 2438 702 2462; x_wconf 89' lang='lat' dir='ltr'>la</span> <span class='ocrx_word' id='word_1_180' title='bbox 722 2438 821 2462; x_wconf 76' lang='lat' dir='ltr'>strana</span> <span class='ocrx_word' id='word_1_181' title='bbox 846 2440 956 2471; x_wconf 73' lang='lat' dir='ltr'>traspo-</span> <span class='ocrx_word' id='word_1_182' title='bbox 1013 2437 1026 2451; x_wconf 81' lang='lat'>¹⁴</span> <span class='ocrx_word' id='word_1_183' title='bbox 1039 2439 1119 2464; x_wconf 84' lang='lat' dir='ltr'>chiae</span> <span class='ocrx_word' id='word_1_184' title='bbox 1139 2439 1331 2473; x_wconf 79' lang='lat' dir='ltr'>camerinae„</span> <span class='ocrx_word' id='word_1_185' title='bbox 1353 2448 1368 2465; x_wconf 91' lang='lat' dir='ltr'>e</span> <span class='ocrx_word' id='word_1_186' title='bbox 1391 2442 1464 2466; x_wconf 91' lang='lat' dir='ltr'>nelle</span> <span class='ocrx_word' id='word_1_187' title='bbox 1485 2443 1621 2467; x_wconf 77' lang='lat' dir='ltr'>Cronaclae</span> <span class='ocrx_word' id='word_1_188' title='bbox 1642 2443 1778 2468; x_wconf 65' lang='lat' dir='ltr'>Cassium</span> <span class='ocrx_word' id='word_1_189' title='bbox 1796 2442 1826 2467; x_wconf 85' lang='lat' dir='ltr'>di</span> <span class='ocrx_word' id='word_1_190' title='bbox 1845 2442 1910 2467; x_wconf 74' lang='lat' dir='ltr'>Pu:-</span> 
     </span>
     <span class='ocr_line' id='line_1_31' title="bbox 58 2479 1909 2517; baseline 0.003 -13"><span class='ocrx_word' id='word_1_191' title='bbox 58 2479 170 2505; x_wconf 70' lang='lat' dir='ltr'>thione</span> <span class='ocrx_word' id='word_1_192' title='bbox 189 2479 234 2504; x_wconf 87' lang='lat' dir='ltr'>del</span> <span class='ocrx_word' id='word_1_193' title='bbox 253 2480 286 2504; x_wconf 76' lang='lat' dir='ltr'>de</span> <span class='ocrx_word' id='word_1_194' title='bbox 304 2480 412 2512; x_wconf 64' lang='lat' dir='ltr'>quibusz</span> <span class='ocrx_word' id='word_1_195' title='bbox 431 2487 477 2505; x_wconf 82' lang='lat' dir='ltr'>ma</span> <span class='ocrx_word' id='word_1_196' title='bbox 497 2487 546 2513; x_wconf 84' lang='lat' dir='ltr'>per</span> <span class='ocrx_word' id='word_1_197' title='bbox 559 2481 720 2505; x_wconf 74' lang='lat' dir='ltr'>mnntenere</span> <span class='ocrx_word' id='word_1_198' title='bbox 734 2487 812 2504; x_wconf 90' lang='lat' dir='ltr'>come</span> <span class='ocrx_word' id='word_1_199' title='bbox 825 2480 864 2505; x_wconf 90' lang='lat' dir='ltr'>ho</span> <span class='ocrx_word' id='word_1_200' title='bbox 877 2481 958 2506; x_wconf 87' lang='lat' dir='ltr'>detto</span> <span class='ocrx_word' id='word_1_201' title='bbox 1013 2488 1070 2506; x_wconf 71' lang='lat' dir='ltr'>*mo</span> <span class='ocrx_word' id='word_1_202' title='bbox 1088 2482 1228 2507; x_wconf 52' lang='lat' dir='ltr'>Dracone</span> <span class='ocrx_word' id='word_1_203' title='bbox 1247 2483 1277 2515; x_wconf 89' lang='lat'>(1.</span> <span class='ocrx_word' id='word_1_204' title='bbox 1297 2483 1346 2512; x_wconf 88' lang='lat'>111,</span> <span class='ocrx_word' id='word_1_205' title='bbox 1365 2491 1426 2516; x_wconf 80' lang='lat' dir='ltr'>cap.</span> <span class='ocrx_word' id='word_1_206' title='bbox 1447 2482 1475 2517; x_wconf 92' lang='lat'>4)</span> <span class='ocrx_word' id='word_1_207' title='bbox 1491 2484 1662 2509; x_wconf 79' lang='lat' dir='ltr'>“dominam</span> <span class='ocrx_word' id='word_1_208' title='bbox 1676 2484 1797 2509; x_wconf 81' lang='lat' dir='ltr'>Tusciae</span> <span class='ocrx_word' id='word_1_209' title='bbox 1816 2486 1845 2509; x_wconf 79' lang='lat' dir='ltr'>et</span> <span class='ocrx_word' id='word_1_210' title='bbox 1864 2484 1909 2508; x_wconf 91' lang='lat' dir='ltr'>Li-</span> 
     </span>
    </p>

    <p class='ocr_par' dir='ltr' id='par_1_10' title="bbox 55 2519 1911 2558">
     <span class='ocr_line' id='line_1_32' title="bbox 55 2519 1911 2558; baseline 0.003 -12"><span class='ocrx_word' id='word_1_211' title='bbox 55 2519 89 2558; x_wconf 67' lang='lat'>‡¹¹</span> <span class='ocrx_word' id='word_1_212' title='bbox 106 2523 307 2547; x_wconf 72' lang='lat' dir='ltr'>numerulone</span> <span class='ocrx_word' id='word_1_213' title='bbox 325 2522 372 2547; x_wconf 88' lang='lat' dir='ltr'>del</span> <span class='ocrx_word' id='word_1_214' title='bbox 391 2521 561 2551; x_wconf 82' lang='lat' dir='ltr'>Bethmann,</span> <span class='ocrx_word' id='word_1_215' title='bbox 580 2529 639 2547; x_wconf 88' lang='lat' dir='ltr'>non</span> <span class='ocrx_word' id='word_1_216' title='bbox 658 2523 742 2547; x_wconf 84' lang='lat' dir='ltr'>viene</span> <span class='ocrx_word' id='word_1_217' title='bbox 760 2523 810 2555; x_wconf 86' lang='lat' dir='ltr'>qui</span> <span class='ocrx_word' id='word_1_218' title='bbox 829 2524 957 2548; x_wconf 82' lang='lat' dir='ltr'>contato.</span> <span class='ocrx_word' id='word_1_219' title='bbox 1014 2523 1028 2536; x_wconf 67' lang='lat'><em>⁸</em></span> <span class='ocrx_word' id='word_1_220' title='bbox 1038 2525 1135 2556; x_wconf 84' lang='lat' dir='ltr'>guriae</span> <span class='ocrx_word' id='word_1_221' title='bbox 1145 2543 1158 2556; x_wconf 55' lang='grc' dir='ltr'><em>η</em></span> <span class='ocrx_word' id='word_1_222' title='bbox 1180 2532 1195 2549; x_wconf 93' lang='lat' dir='ltr'>e</span> <span class='ocrx_word' id='word_1_223' title='bbox 1213 2525 1245 2549; x_wconf 89' lang='lat' dir='ltr'>in</span> <span class='ocrx_word' id='word_1_224' title='bbox 1266 2526 1415 2550; x_wconf 76' lang='lat' dir='ltr'>ToLoMsso</span> <span class='ocrx_word' id='word_1_225' title='bbox 1435 2526 1590 2551; x_wconf 70' lang='lat' dir='ltr'>Luem-usse</span> <span class='ocrx_word' id='word_1_226' title='bbox 1606 2525 1619 2538; x_wconf 70' lang='lat'><em>⁸</em></span> <span class='ocrx_word' id='word_1_227' title='bbox 1631 2527 1776 2551; x_wconf 85' lang='lat' dir='ltr'>dominam</span> <span class='ocrx_word' id='word_1_228' title='bbox 1790 2525 1911 2551; x_wconf 79' lang='lat' dir='ltr'>Tusciae</span> 
     </span>
    </p>

    <p class='ocr_par' dir='ltr' id='par_1_11' title="bbox 55 2564 1973 2725">
     <span class='ocr_line' id='line_1_33' title="bbox 147 2564 1871 2600; baseline 0.003 -11"><span class='ocrx_word' id='word_1_229' title='bbox 147 2573 175 2590; x_wconf 84' lang='lat' dir='ltr'>v.</span> <span class='ocrx_word' id='word_1_230' title='bbox 192 2564 238 2597; x_wconf 80' lang='lat'>⁶2)</span> <span class='ocrx_word' id='word_1_231' title='bbox 255 2564 291 2589; x_wconf 93' lang='lat' dir='ltr'>D.</span> <span class='ocrx_word' id='word_1_232' title='bbox 311 2564 439 2595; x_wconf 76' lang='lat' dir='ltr'>credeva,</span> <span class='ocrx_word' id='word_1_233' title='bbox 459 2565 484 2589; x_wconf 82' lang='lat' dir='ltr'>si</span> <span class='ocrx_word' id='word_1_234' title='bbox 503 2565 580 2596; x_wconf 83' lang='lat' dir='ltr'>vede,</span> <span class='ocrx_word' id='word_1_235' title='bbox 601 2564 724 2589; x_wconf 80' lang='lat' dir='ltr'>Platone</span> <span class='ocrx_word' id='word_1_236' title='bbox 742 2572 781 2590; x_wconf 86' lang='lat' dir='ltr'>un</span> <span class='ocrx_word' id='word_1_237' title='bbox 801 2567 887 2598; x_wconf 82' lang='lat' dir='ltr'>poeta</span> <span class='ocrx_word' id='word_1_238' title='bbox 899 2573 914 2590; x_wconf 89' lang='lat' dir='ltr'>e</span> <span class='ocrx_word' id='word_1_239' title='bbox 927 2565 957 2590; x_wconf 91' lang='lat' dir='ltr'>lo</span> <span class='ocrx_word' id='word_1_240' title='bbox 1013 2565 1026 2578; x_wconf 68' lang='lat'><strong><em>²</em></strong></span> <span class='ocrx_word' id='word_1_241' title='bbox 1038 2568 1065 2591; x_wconf 89' lang='lat' dir='ltr'>et</span> <span class='ocrx_word' id='word_1_242' title='bbox 1084 2566 1274 2592; x_wconf 80' lang='lat' dir='ltr'>Lombardiae</span> <span class='ocrx_word' id='word_1_243' title='bbox 1284 2585 1309 2600; x_wconf 61' lang='grc' dir='ltr'>η.</span> <span class='ocrx_word' id='word_1_244' title='bbox 1345 2569 1474 2600; x_wconf 72' lang='lat' dir='ltr'>Annales,</span> <span class='ocrx_word' id='word_1_245' title='bbox 1496 2570 1561 2593; x_wconf 84' lang='lat' dir='ltr'>RR.</span> <span class='ocrx_word' id='word_1_246' title='bbox 1584 2570 1623 2593; x_wconf 87' lang='lat' dir='ltr'>ll.</span> <span class='ocrx_word' id='word_1_247' title='bbox 1646 2570 1706 2600; x_wconf 67' lang='lat' dir='ltr'>SS„</span> <span class='ocrx_word' id='word_1_248' title='bbox 1726 2569 1773 2600; x_wconf 88' lang='lat' dir='ltr'>XI,</span> <span class='ocrx_word' id='word_1_249' title='bbox 1796 2568 1871 2594; x_wconf 81' lang='lat'>1260.</span> 
     </span>
     <span class='ocr_line' id='line_1_34' title="bbox 55 2603 1973 2643; baseline 0.002 -11"><span class='ocrx_word' id='word_1_250' title='bbox 55 2603 183 2632; x_wconf 67' lang='lat' dir='ltr'>Lmetteva</span> <span class='ocrx_word' id='word_1_251' title='bbox 207 2607 329 2632; x_wconf 83' lang='lat' dir='ltr'>insieme</span> <span class='ocrx_word' id='word_1_252' title='bbox 348 2615 364 2631; x_wconf 86' lang='lat' dir='ltr'>a</span> <span class='ocrx_word' id='word_1_253' title='bbox 388 2606 527 2640; x_wconf 82' lang='lat' dir='ltr'>Virgilio,</span> <span class='ocrx_word' id='word_1_254' title='bbox 545 2604 597 2640; x_wconf 79' lang='lat' dir='ltr'>piii</span> <span class='ocrx_word' id='word_1_255' title='bbox 622 2607 673 2632; x_wconf 87' lang='lat' dir='ltr'>che</span> <span class='ocrx_word' id='word_1_256' title='bbox 691 2607 769 2632; x_wconf 81' lang='lat' dir='ltr'>altro</span> <span class='ocrx_word' id='word_1_257' title='bbox 794 2614 844 2640; x_wconf 86' lang='lat' dir='ltr'>per</span> <span class='ocrx_word' id='word_1_258' title='bbox 861 2615 957 2633; x_wconf 82' lang='lat' dir='ltr'>amore</span> <span class='ocrx_word' id='word_1_259' title='bbox 1100 2618 1125 2633; x_wconf 87' lang='lat' dir='ltr'>v.</span> <span class='ocrx_word' id='word_1_260' title='bbox 1144 2607 1193 2642; x_wconf 79' lang='lat'>65)</span> <span class='ocrx_word' id='word_1_261' title='bbox 1215 2611 1304 2639; x_wconf 75' lang='lat' dir='ltr'>Calos,</span> <span class='ocrx_word' id='word_1_262' title='bbox 1322 2611 1418 2643; x_wconf 82' lang='lat' dir='ltr'>glossa</span> <span class='ocrx_word' id='word_1_263' title='bbox 1438 2611 1467 2635; x_wconf 87' lang='lat' dir='ltr'>di</span> <span class='ocrx_word' id='word_1_264' title='bbox 1496 2612 1523 2640; x_wconf 82' lang='lat' dir='ltr'>V,</span> <span class='ocrx_word' id='word_1_265' title='bbox 1541 2612 1684 2642; x_wconf 79' lang='lat' dir='ltr'>sapientes.</span> <span class='ocrx_word' id='word_1_266' title='bbox 1938 2618 1973 2636; x_wconf 64' lang='grc' dir='ltr'>ιο</span> 
     </span>
     <span class='ocr_line' id='line_1_35' title="bbox 57 2644 1908 2686; baseline 0.002 -12"><span class='ocrx_word' id='word_1_267' title='bbox 57 2644 285 2675; x_wconf 66' lang='lat' dir='ltr'>&#39;dclv-smmum</span> <span class='ocrx_word' id='word_1_268' title='bbox 304 2657 320 2674; x_wconf 81' lang='lat' dir='ltr'>a</span> <span class='ocrx_word' id='word_1_269' title='bbox 339 2656 435 2674; x_wconf 87' lang='lat' dir='ltr'>mezzo</span> <span class='ocrx_word' id='word_1_270' title='bbox 453 2648 475 2673; x_wconf 83' lang='lat'>11</span> <span class='ocrx_word' id='word_1_271' title='bbox 496 2655 588 2679; x_wconf 77' lang='lat' dir='ltr'>verso,</span> <span class='ocrx_word' id='word_1_272' title='bbox 606 2649 665 2679; x_wconf 91' lang='lat' dir='ltr'>che,</span> <span class='ocrx_word' id='word_1_273' title='bbox 684 2650 777 2682; x_wconf 82' lang='lat' dir='ltr'>specie</span> <span class='ocrx_word' id='word_1_274' title='bbox 803 2651 848 2674; x_wconf 90' lang='lat' dir='ltr'>nei</span> <span class='ocrx_word' id='word_1_275' title='bbox 870 2651 955 2683; x_wconf 87' lang='lat' dir='ltr'>primi</span> <span class='ocrx_word' id='word_1_276' title='bbox 1100 2660 1125 2676; x_wconf 86' lang='lat' dir='ltr'>v.</span> <span class='ocrx_word' id='word_1_277' title='bbox 1145 2651 1190 2684; x_wconf 82' lang='lat'>67)</span> <span class='ocrx_word' id='word_1_278' title='bbox 1207 2651 1231 2676; x_wconf 91' lang='lat'>11</span> <span class='ocrx_word' id='word_1_279' title='bbox 1253 2653 1358 2677; x_wconf 88' lang='lat' dir='ltr'>mondo</span> <span class='ocrx_word' id='word_1_280' title='bbox 1378 2653 1491 2678; x_wconf 83' lang='lat' dir='ltr'>afferma</span> <span class='ocrx_word' id='word_1_281' title='bbox 1510 2654 1561 2678; x_wconf 87' lang='lat' dir='ltr'>che</span> <span class='ocrx_word' id='word_1_282' title='bbox 1581 2655 1615 2678; x_wconf 88' lang='lat' dir='ltr'>da</span> <span class='ocrx_word' id='word_1_283' title='bbox 1642 2653 1695 2678; x_wconf 83' lang='lat' dir='ltr'>tau</span> <span class='ocrx_word' id='word_1_284' title='bbox 1720 2653 1831 2686; x_wconf 83' lang='lat' dir='ltr'>signori</span> <span class='ocrx_word' id='word_1_285' title='bbox 1851 2661 1908 2678; x_wconf 86' lang='lat' dir='ltr'>non</span> 
     </span>
     <span class='ocr_line' id='line_1_36' title="bbox 59 2691 1383 2725; baseline 0.003 -9"><span class='ocrx_word' id='word_1_286' title='bbox 59 2691 191 2725; x_wconf 66' lang='lat' dir='ltr'>capitoli,</span> <span class='ocrx_word' id='word_1_287' title='bbox 211 2698 271 2717; x_wconf 82' lang='lat' dir='ltr'>non</span> <span class='ocrx_word' id='word_1_288' title='bbox 296 2699 396 2716; x_wconf 76' lang='lat' dir='ltr'>manca</span> <span class='ocrx_word' id='word_1_289' title='bbox 415 2692 481 2716; x_wconf 81' lang='lat' dir='ltr'>mai.</span> <span class='ocrx_word' id='word_1_290' title='bbox 1011 2693 1079 2718; x_wconf 87' lang='lat' dir='ltr'>ebbe</span> <span class='ocrx_word' id='word_1_291' title='bbox 1099 2695 1155 2718; x_wconf 88' lang='lat' dir='ltr'>mai</span> <span class='ocrx_word' id='word_1_292' title='bbox 1175 2694 1256 2719; x_wconf 77' lang='lat' dir='ltr'>alcun</span> <span class='ocrx_word' id='word_1_293' title='bbox 1277 2695 1383 2720; x_wconf 72' lang='lat' dir='ltr'>denno.</span> 
     </span>
    </p>

    <p class='ocr_par' dir='ltr' id='par_1_12' title="bbox 50 2730 1969 2898">
     <span class='ocr_line' id='line_1_37' title="bbox 56 2730 1910 2773; baseline 0.002 -14"><span class='ocrx_word' id='word_1_294' title='bbox 56 2730 61 2765; x_wconf 56' lang='lat' dir='ltr'>s</span> <span class='ocrx_word' id='word_1_295' title='bbox 148 2743 174 2759; x_wconf 88' lang='lat' dir='ltr'>v.</span> <span class='ocrx_word' id='word_1_296' title='bbox 192 2733 239 2767; x_wconf 72' lang='lat'>64)</span> <span class='ocrx_word' id='word_1_297' title='bbox 258 2734 282 2759; x_wconf 87' lang='lat'>11</span> <span class='ocrx_word' id='word_1_298' title='bbox 302 2734 445 2760; x_wconf 80' lang='lat' dir='ltr'>Muratori</span> <span class='ocrx_word' id='word_1_299' title='bbox 464 2741 578 2759; x_wconf 76' lang='lat' dir='ltr'>ossei-va</span> <span class='ocrx_word' id='word_1_300' title='bbox 597 2734 647 2759; x_wconf 86' lang='lat' dir='ltr'>che</span> <span class='ocrx_word' id='word_1_301' title='bbox 666 2735 702 2760; x_wconf 86' lang='lat' dir='ltr'>D.</span> <span class='ocrx_word' id='word_1_302' title='bbox 721 2735 849 2760; x_wconf 78' lang='lat' dir='ltr'>abitante</span> <span class='ocrx_word' id='word_1_303' title='bbox 867 2743 884 2760; x_wconf 81' lang='lat' dir='ltr'>a</span> <span class='ocrx_word' id='word_1_304' title='bbox 903 2734 957 2760; x_wconf 87' lang='lat' dir='ltr'>Ca·</span> <span class='ocrx_word' id='word_1_305' title='bbox 1099 2744 1146 2761; x_wconf 82' lang='lat' dir='ltr'>vv.</span> <span class='ocrx_word' id='word_1_306' title='bbox 1167 2734 1260 2769; x_wconf 76' lang='lat'><em>74-75)</em></span> <span class='ocrx_word' id='word_1_307' title='bbox 1278 2737 1364 2770; x_wconf 88' lang='lat' dir='ltr'>Dopo</span> <span class='ocrx_word' id='word_1_308' title='bbox 1384 2738 1406 2762; x_wconf 89' lang='lat' dir='ltr'>il</span> <span class='ocrx_word' id='word_1_309' title='bbox 1428 2738 1509 2762; x_wconf 86' lang='lat' dir='ltr'>mille</span> <span class='ocrx_word' id='word_1_310' title='bbox 1530 2736 1674 2773; x_wconf 69' lang='lat' dir='ltr'>comincib</span> <span class='ocrx_word' id='word_1_311' title='bbox 1694 2737 1766 2763; x_wconf 91' lang='lat' dir='ltr'>l’uso</span> <span class='ocrx_word' id='word_1_312' title='bbox 1786 2738 1815 2762; x_wconf 89' lang='lat' dir='ltr'>di</span> <span class='ocrx_word' id='word_1_313' title='bbox 1836 2738 1910 2763; x_wconf 89' lang='lat' dir='ltr'>chia-</span> 
     </span>
     <span class='ocr_line' id='line_1_38' title="bbox 56 2776 1910 2813; baseline 0.002 -12"><span class='ocrx_word' id='word_1_314' title='bbox 56 2780 144 2810; x_wconf 56' lang='lat' dir='ltr'>2nos=a</span> <span class='ocrx_word' id='word_1_315' title='bbox 162 2776 274 2801; x_wconf 73' lang='lat' dir='ltr'>chiama</span> <span class='ocrx_word' id='word_1_316' title='bbox 294 2777 303 2801; x_wconf 92' lang='lat' dir='ltr'>i</span> <span class='ocrx_word' id='word_1_317' title='bbox 324 2778 388 2802; x_wconf 85' lang='lat' dir='ltr'>suoi</span> <span class='ocrx_word' id='word_1_318' title='bbox 409 2777 519 2810; x_wconf 77' lang='lat' dir='ltr'>slgnori</span> <span class='ocrx_word' id='word_1_319' title='bbox 540 2777 643 2807; x_wconf 87' lang='lat' dir='ltr'>Duchi,</span> <span class='ocrx_word' id='word_1_320' title='bbox 668 2779 776 2802; x_wconf 88' lang='lat' dir='ltr'>mentre</span> <span class='ocrx_word' id='word_1_321' title='bbox 801 2778 830 2802; x_wconf 89' lang='lat' dir='ltr'>lo</span> <span class='ocrx_word' id='word_1_322' title='bbox 849 2777 955 2803; x_wconf 79' lang='lat' dir='ltr'>surono</span> <span class='ocrx_word' id='word_1_323' title='bbox 1010 2785 1086 2802; x_wconf 85' lang='lat' dir='ltr'>mare</span> <span class='ocrx_word' id='word_1_324' title='bbox 1108 2779 1199 2810; x_wconf 79' lang='lat' dir='ltr'>Curia,</span> <span class='ocrx_word' id='word_1_325' title='bbox 1220 2780 1298 2804; x_wconf 88' lang='lat' dir='ltr'>corte</span> <span class='ocrx_word' id='word_1_326' title='bbox 1316 2779 1343 2811; x_wconf 89' lang='lat' dir='ltr'>(e</span> <span class='ocrx_word' id='word_1_327' title='bbox 1362 2779 1479 2805; x_wconf 81' lang='lat' dir='ltr'>curiales</span> <span class='ocrx_word' id='word_1_328' title='bbox 1499 2781 1507 2804; x_wconf 90' lang='lat' dir='ltr'>i</span> <span class='ocrx_word' id='word_1_329' title='bbox 1536 2778 1716 2813; x_wconf 43' lang='lat' dir='ltr'>cortigiam&amp;</span> <span class='ocrx_word' id='word_1_330' title='bbox 1744 2779 1767 2804; x_wconf 89' lang='grc'>11</span> <span class='ocrx_word' id='word_1_331' title='bbox 1793 2780 1910 2812; x_wconf 79' lang='lat' dir='ltr'>palazzo</span> 
     </span>
     <span class='ocr_line' id='line_1_39' title="bbox 56 2817 1969 2858; baseline 0.002 -14"><span class='ocrx_word' id='word_1_332' title='bbox 56 2817 123 2844; x_wconf 71' lang='lat' dir='ltr'>solo</span> <span class='ocrx_word' id='word_1_333' title='bbox 148 2818 303 2844; x_wconf 75' lang='lat' dir='ltr'>Bonifacio</span> <span class='ocrx_word' id='word_1_334' title='bbox 326 2826 341 2843; x_wconf 85' lang='lat' dir='ltr'>e</span> <span class='ocrx_word' id='word_1_335' title='bbox 366 2819 488 2844; x_wconf 78' lang='lat' dir='ltr'>Matilde</span> <span class='ocrx_word' id='word_1_336' title='bbox 507 2826 556 2851; x_wconf 86' lang='lat' dir='ltr'>per</span> <span class='ocrx_word' id='word_1_337' title='bbox 575 2819 604 2844; x_wconf 79' lang='lat' dir='ltr'>la</span> <span class='ocrx_word' id='word_1_338' title='bbox 622 2818 719 2844; x_wconf 72' lang='lat' dir='ltr'>Merca</span> <span class='ocrx_word' id='word_1_339' title='bbox 743 2819 772 2844; x_wconf 90' lang='lat' dir='ltr'>di</span> <span class='ocrx_word' id='word_1_340' title='bbox 793 2819 922 2845; x_wconf 74' lang='lat' dir='ltr'>Tuscana</span> <span class='ocrx_word' id='word_1_341' title='bbox 942 2828 956 2844; x_wconf 90' lang='lat' dir='ltr'>e</span> <span class='ocrx_word' id='word_1_342' title='bbox 1010 2821 1054 2844; x_wconf 87' lang='lat' dir='ltr'>dei</span> <span class='ocrx_word' id='word_1_343' title='bbox 1075 2821 1202 2854; x_wconf 84' lang='lat' dir='ltr'>principi</span> <span class='ocrx_word' id='word_1_344' title='bbox 1220 2828 1235 2846; x_wconf 92' lang='lat' dir='ltr'>e</span> <span class='ocrx_word' id='word_1_345' title='bbox 1254 2829 1283 2846; x_wconf 90' lang='lat' dir='ltr'>re</span> <span class='ocrx_word' id='word_1_346' title='bbox 1301 2829 1316 2846; x_wconf 91' lang='lat' dir='ltr'>e</span> <span class='ocrx_word' id='word_1_347' title='bbox 1336 2823 1344 2846; x_wconf 96' lang='lat' dir='ltr'>i</span> <span class='ocrx_word' id='word_1_348' title='bbox 1365 2821 1427 2847; x_wconf 83' lang='lat' dir='ltr'>loro</span> <span class='ocrx_word' id='word_1_349' title='bbox 1447 2823 1591 2847; x_wconf 83' lang='lat' dir='ltr'>ministri:</span> <span class='ocrx_word' id='word_1_350' title='bbox 1610 2823 1646 2847; x_wconf 93' lang='lat' dir='ltr'>D.</span> <span class='ocrx_word' id='word_1_351' title='bbox 1661 2822 1728 2847; x_wconf 94' lang='lat' dir='ltr'>vuol</span> <span class='ocrx_word' id='word_1_352' title='bbox 1743 2822 1804 2848; x_wconf 87' lang='lat' dir='ltr'>dire</span> <span class='ocrx_word' id='word_1_353' title='bbox 1817 2823 1910 2848; x_wconf 81' lang='lat' dir='ltr'>chela</span> <span class='ocrx_word' id='word_1_354' title='bbox 1937 2832 1969 2858; x_wconf 79' lang='lat'>²5</span> 
     </span>
     <span class='ocr_line' id='line_1_40' title="bbox 56 2859 1910 2898; baseline 0.004 -13.977"><span class='ocrx_word' id='word_1_355' title='bbox 56 2866 135 2895; x_wconf 19' lang='lat' dir='ltr'>morse</span> <span class='ocrx_word' id='word_1_356' title='bbox 153 2867 203 2892; x_wconf 83' lang='lat' dir='ltr'>per</span> <span class='ocrx_word' id='word_1_357' title='bbox 222 2860 243 2884; x_wconf 92' lang='lat' dir='ltr'>il</span> <span class='ocrx_word' id='word_1_358' title='bbox 263 2859 368 2886; x_wconf 79' lang='lat' dir='ltr'>ducato</span> <span class='ocrx_word' id='word_1_359' title='bbox 387 2861 417 2885; x_wconf 87' lang='lat' dir='ltr'>dl</span> <span class='ocrx_word' id='word_1_360' title='bbox 437 2860 556 2894; x_wconf 85' lang='lat' dir='ltr'>Spoleto</span> <span class='ocrx_word' id='word_1_361' title='bbox 570 2860 692 2886; x_wconf 71' lang='lat' dir='ltr'>tacendo</span> <span class='ocrx_word' id='word_1_362' title='bbox 706 2869 785 2886; x_wconf 87' lang='lat' dir='ltr'>come</span> <span class='ocrx_word' id='word_1_363' title='bbox 799 2862 810 2886; x_wconf 86' lang='lat' dir='ltr'>i</span> <span class='ocrx_word' id='word_1_364' title='bbox 824 2862 956 2887; x_wconf 79' lang='lat' dir='ltr'>milanesi</span> <span class='ocrx_word' id='word_1_365' title='bbox 1010 2864 1088 2887; x_wconf 84' lang='lat' dir='ltr'>corte</span> <span class='ocrx_word' id='word_1_366' title='bbox 1107 2864 1135 2888; x_wconf 90' lang='lat' dir='ltr'>di</span> <span class='ocrx_word' id='word_1_367' title='bbox 1156 2863 1278 2889; x_wconf 82' lang='lat' dir='ltr'>Matilde</span> <span class='ocrx_word' id='word_1_368' title='bbox 1296 2872 1311 2889; x_wconf 90' lang='lat' dir='ltr'>e</span> <span class='ocrx_word' id='word_1_369' title='bbox 1330 2865 1376 2889; x_wconf 90' lang='lat' dir='ltr'>dei</span> <span class='ocrx_word' id='word_1_370' title='bbox 1395 2865 1461 2890; x_wconf 81' lang='lat' dir='ltr'>suoi</span> <span class='ocrx_word' id='word_1_371' title='bbox 1479 2867 1606 2898; x_wconf 86' lang='lat' dir='ltr'>genitori</span> <span class='ocrx_word' id='word_1_372' title='bbox 1628 2865 1782 2897; x_wconf 78' lang='lat' dir='ltr'>splendeva</span> <span class='ocrx_word' id='word_1_373' title='bbox 1796 2865 1846 2898; x_wconf 72' lang='lat' dir='ltr'>piu</span> <span class='ocrx_word' id='word_1_374' title='bbox 1859 2866 1910 2891; x_wconf 88' lang='lat' dir='ltr'>che</span> 
     </span>
    </p>

    <p class='ocr_par' dir='ltr' id='par_1_13' title="bbox 46 2902 1495 2938">
     <span class='ocr_line' id='line_1_41' title="bbox 46 2902 1495 2938; baseline 0.003 -11"><span class='ocrx_word' id='word_1_375' title='bbox 46 2928 50 2938; x_wconf 13' lang='grc' dir='ltr'>Ἰ,</span> <span class='ocrx_word' id='word_1_376' title='bbox 83 2914 87 2922; x_wconf 77' lang='grc' dir='ltr'>ι</span> <span class='ocrx_word' id='word_1_377' title='bbox 127 2902 316 2928; x_wconf 78' lang='lat' dir='ltr'>ehlamavano</span> <span class='ocrx_word' id='word_1_378' title='bbox 336 2911 364 2928; x_wconf 86' lang='lat' dir='ltr'>re</span> <span class='ocrx_word' id='word_1_379' title='bbox 383 2903 405 2928; x_wconf 86' lang='lat' dir='ltr'>il</span> <span class='ocrx_word' id='word_1_380' title='bbox 426 2903 490 2928; x_wconf 89' lang='lat' dir='ltr'>loro</span> <span class='ocrx_word' id='word_1_381' title='bbox 508 2905 623 2936; x_wconf 81' lang='lat' dir='ltr'>signore</span> <span class='ocrx_word' id='word_1_382' title='bbox 642 2904 692 2928; x_wconf 85' lang='lat' dir='ltr'>che</span> <span class='ocrx_word' id='word_1_383' title='bbox 711 2911 758 2928; x_wconf 88' lang='lat' dir='ltr'>era</span> <span class='ocrx_word' id='word_1_384' title='bbox 784 2905 882 2929; x_wconf 84' lang='lat' dir='ltr'>invece</span> <span class='ocrx_word' id='word_1_385' title='bbox 907 2912 956 2937; x_wconf 86' lang='lat' dir='ltr'>per</span> <span class='ocrx_word' id='word_1_386' title='bbox 1010 2912 1068 2930; x_wconf 90' lang='lat' dir='ltr'>non</span> <span class='ocrx_word' id='word_1_387' title='bbox 1089 2906 1115 2930; x_wconf 88' lang='lat' dir='ltr'>le</span> <span class='ocrx_word' id='word_1_388' title='bbox 1134 2907 1199 2931; x_wconf 85' lang='lat' dir='ltr'>aule</span> <span class='ocrx_word' id='word_1_389' title='bbox 1217 2908 1262 2931; x_wconf 89' lang='lat' dir='ltr'>dei</span> <span class='ocrx_word' id='word_1_390' title='bbox 1282 2907 1385 2931; x_wconf 87' lang='lat' dir='ltr'>Duchi.</span> <span class='ocrx_word' id='word_1_391' title='bbox 1416 2907 1495 2933; x_wconf 61' lang='lat' dir='ltr'>Mum</span> 
     </span>
    </p>

    <p class='ocr_par' dir='ltr' id='par_1_14' title="bbox 3 2945 1907 2983">
     <span class='ocr_line' id='line_1_42' title="bbox 3 2945 1907 2983; baseline 0.004 -15"><span class='ocrx_word' id='word_1_392' title='bbox 3 2960 6 2964; x_wconf 81' lang='lat'>-</span> <span class='ocrx_word' id='word_1_393' title='bbox 57 2948 125 2974; x_wconf 72' lang='grc' dir='ltr'><strong>,οι-ο</strong></span> <span class='ocrx_word' id='word_1_394' title='bbox 148 2945 213 2969; x_wconf 78' lang='lat' dir='ltr'>solo</span> <span class='ocrx_word' id='word_1_395' title='bbox 234 2945 317 2970; x_wconf 76' lang='lat' dir='ltr'>Duca</span> <span class='ocrx_word' id='word_1_396' title='bbox 335 2945 365 2970; x_wconf 87' lang='lat' dir='ltr'>di</span> <span class='ocrx_word' id='word_1_397' title='bbox 391 2945 511 2970; x_wconf 83' lang='lat' dir='ltr'>Mllano.</span> <span class='ocrx_word' id='word_1_398' title='bbox 547 2945 658 2970; x_wconf 88' lang='lat' dir='ltr'>Inoltre</span> <span class='ocrx_word' id='word_1_399' title='bbox 681 2946 738 2979; x_wconf 82' lang='lat' dir='ltr'>egli</span> <span class='ocrx_word' id='word_1_400' title='bbox 766 2947 880 2971; x_wconf 76' lang='lat' dir='ltr'>ricorda</span> <span class='ocrx_word' id='word_1_401' title='bbox 906 2947 957 2972; x_wconf 87' lang='lat' dir='ltr'>che</span> <span class='ocrx_word' id='word_1_402' title='bbox 1097 2957 1124 2972; x_wconf 86' lang='lat' dir='ltr'>v.</span> <span class='ocrx_word' id='word_1_403' title='bbox 1142 2948 1187 2980; x_wconf 83' lang='lat'>81)</span> <span class='ocrx_word' id='word_1_404' title='bbox 1214 2949 1354 2982; x_wconf 40' lang='lat' dir='ltr'>Signiferi</span> <span class='ocrx_word' id='word_1_405' title='bbox 1377 2957 1464 2974; x_wconf 84' lang='lat' dir='ltr'>erano</span> <span class='ocrx_word' id='word_1_406' title='bbox 1489 2957 1568 2975; x_wconf 90' lang='lat' dir='ltr'>come</span> <span class='ocrx_word' id='word_1_407' title='bbox 1595 2952 1602 2974; x_wconf 88' lang='lat' dir='ltr'>i</span> <span class='ocrx_word' id='word_1_408' title='bbox 1630 2951 1761 2983; x_wconf 75' lang='lat' dir='ltr'>magistri</span> <span class='ocrx_word' id='word_1_409' title='bbox 1785 2952 1907 2983; x_wconf 76' lang='lat' dir='ltr'>equitum,</span> 
     </span>
    </p>

    <p class='ocr_par' dir='ltr' id='par_1_15' title="bbox 52 2984 1908 3025">
     <span class='ocr_line' id='line_1_43' title="bbox 52 2984 1908 3025; baseline 0.005 -15"><span class='ocrx_word' id='word_1_410' title='bbox 52 2985 79 3011; x_wconf 51' lang='grc' dir='ltr'>ἴω</span> <span class='ocrx_word' id='word_1_411' title='bbox 96 2985 135 3010; x_wconf 86' lang='lat' dir='ltr'>lle</span> <span class='ocrx_word' id='word_1_412' title='bbox 153 2984 302 3012; x_wconf 76' lang='lat' dir='ltr'>Cronache</span> <span class='ocrx_word' id='word_1_413' title='bbox 325 2986 485 3017; x_wconf 77' lang='lat' dir='ltr'>Modenesi,</span> <span class='ocrx_word' id='word_1_414' title='bbox 510 2987 632 3013; x_wconf 76' lang='lat' dir='ltr'>Matiide</span> <span class='ocrx_word' id='word_1_415' title='bbox 650 2986 666 3012; x_wconf 70' lang='grc' dir='ltr'>ὸ</span> <span class='ocrx_word' id='word_1_416' title='bbox 684 2988 763 3013; x_wconf 81' lang='lat' dir='ltr'>detta</span> <span class='ocrx_word' id='word_1_417' title='bbox 789 2986 880 3013; x_wconf 73' lang='lat' dir='ltr'>“Dux</span> <span class='ocrx_word' id='word_1_418' title='bbox 899 2988 957 3014; x_wconf 89' lang='lat' dir='ltr'>Tu·</span> <span class='ocrx_word' id='word_1_419' title='bbox 1010 2991 1059 3015; x_wconf 86' lang='lat' dir='ltr'>che</span> <span class='ocrx_word' id='word_1_420' title='bbox 1078 2998 1187 3015; x_wconf 83' lang='lat' dir='ltr'>aveano</span> <span class='ocrx_word' id='word_1_421' title='bbox 1208 2991 1401 3016; x_wconf 85' lang='lat' dir='ltr'>nell&#39;eserclto</span> <span class='ocrx_word' id='word_1_422' title='bbox 1421 2992 1443 3016; x_wconf 92' lang='lat' dir='ltr'>il</span> <span class='ocrx_word' id='word_1_423' title='bbox 1463 2994 1560 3024; x_wconf 81' lang='lat' dir='ltr'>potere</span> <span class='ocrx_word' id='word_1_424' title='bbox 1580 2990 1631 3025; x_wconf 77' lang='lat' dir='ltr'>pih</span> <span class='ocrx_word' id='word_1_425' title='bbox 1650 2993 1750 3018; x_wconf 79' lang='lat' dir='ltr'>vicino</span> <span class='ocrx_word' id='word_1_426' title='bbox 1776 3001 1791 3018; x_wconf 88' lang='lat' dir='ltr'>a</span> <span class='ocrx_word' id='word_1_427' title='bbox 1811 2994 1908 3025; x_wconf 88' lang='lat' dir='ltr'>quello</span> 
     </span>
    </p>

    <p class='ocr_par' dir='ltr' id='par_1_16' title="bbox 52 3025 1317 3066">
     <span class='ocr_line' id='line_1_44' title="bbox 52 3025 1317 3066; baseline 0.003 -12"><span class='ocrx_word' id='word_1_428' title='bbox 52 3025 76 3058; x_wconf 15' lang='grc' dir='ltr'>’γα</span> <span class='ocrx_word' id='word_1_429' title='bbox 85 3029 161 3053; x_wconf 75' lang='lat' dir='ltr'>seiae</span> <span class='ocrx_word' id='word_1_430' title='bbox 179 3031 208 3054; x_wconf 80' lang='lat' dir='ltr'>et</span> <span class='ocrx_word' id='word_1_431' title='bbox 225 3028 445 3063; x_wconf 79' lang='lat' dir='ltr'>Longobardiae</span> <span class='ocrx_word' id='word_1_432' title='bbox 464 3032 492 3054; x_wconf 85' lang='lat' dir='ltr'>et</span> <span class='ocrx_word' id='word_1_433' title='bbox 510 3029 655 3055; x_wconf 73' lang='lat' dir='ltr'>Mai-chiae</span> <span class='ocrx_word' id='word_1_434' title='bbox 674 3032 701 3055; x_wconf 82' lang='lat' dir='ltr'>et</span> <span class='ocrx_word' id='word_1_435' title='bbox 720 3030 831 3064; x_wconf 81' lang='lat' dir='ltr'>Spoleti</span> <span class='ocrx_word' id='word_1_436' title='bbox 844 3033 872 3056; x_wconf 88' lang='lat' dir='ltr'>et</span> <span class='ocrx_word' id='word_1_437' title='bbox 885 3030 956 3056; x_wconf 77' lang='lat' dir='ltr'>Mar-</span> <span class='ocrx_word' id='word_1_438' title='bbox 1010 3032 1053 3057; x_wconf 89' lang='lat' dir='ltr'>del</span> <span class='ocrx_word' id='word_1_439' title='bbox 1074 3033 1213 3066; x_wconf 86' lang='lat' dir='ltr'>principe.</span> <span class='ocrx_word' id='word_1_440' title='bbox 1233 3033 1317 3060; x_wconf 68' lang='lat' dir='ltr'>Lem.</span> 
     </span>
    </p>
   </div>
  </div>
 </body>
</html>
