2288 3476
481 372 661 405 Terdenas
683 372 799 404 hastas
822 371 868 404 ad
891 377 1039 404 castrum
1062 371 1206 404 tendere
1229 371 1383 411 mandat,

483 425 584 464 Quae
606 424 773 468 populum
796 430 959 458 cunctum
981 425 1140 458 facerent
1162 434 1371 468 consurgere
1396 435 1529 457 rursum

484 478 543 512 Ad
567 479 681 522 campi
704 488 865 522 pugnam,
889 478 1052 522 fugerent
1074 478 1207 521 procul,
1231 483 1333 521 atque
1356 483 1538 510 recurrant

484 533 573 566 Cum
596 532 727 564 fuerint
748 532 844 564 iuxta
866 531 1058 564 latitantem
1082 531 1233 574 denique
1257 531 1404 564 turbam.

482 585 655 618 Noveritis
677 585 801 617 iussum
825 584 924 617 ducis
947 584 1042 618 istius
1066 584 1139 617 esse
1161 584 1372 617 secundum:

480 639 569 672 Nam
589 639 713 681 procul
736 648 757 670 a
780 638 882 671 castri
904 643 983 670 sunt
1006 638 1157 680 presidio
1181 638 1279 670 simul
1303 637 1399 677 acti‚'

480 690 647 725 Insidiosa
669 691 821 734 phalanx
845 702 863 724 e
886 690 1003 723 multis
1025 690 1180 733 partibus
1203 691 1310 731 alans,

478 745 673 789 Alobroges
696 750 838 778 cunctos
860 744 1016 777 menibus
1038 750 1181 777 tenuere
1203 745 1369 778 reclusos.

481 795 641 832 Marchic
663 797 829 831 terribilis
851 797 985 830 cunctis
1008 797 1215 830 abscindere
1239 797 1327 831 dixit

483 851 676 890 Auriculas,
700 860 812 889 nasos,
835 855 874 883 ut
895 856 987 883 stent
1010 861 1088 883 cum
1111 851 1240 883 lumine
1263 851 1378 894 plano.

482 905 665 944 Quaedam
688 909 845 936 matrona
868 913 931 946 pro
955 909 1036 937 nato
1060 903 1186 936 nobilis
1208 910 1294 943 orat,

480 958 631 991 Parcere
654 957 816 1001 dignetur
839 957 905 990 sibi
930 957 1099 1001 quatinus,
1121 956 1266 1000 ipsaque
1291 958 1428 991 demum

481 1011 685 1055 Appensum
708 1010 857 1043 trutinae
880 1010 1053 1048 iuvenem,
1076 1010 1239 1053 preberet
1263 1011 1377 1044 eidem

483 1066 676 1109 Argentum
698 1069 830 1096 tantum
854 1069 1018 1108 quantum
1040 1064 1240 1106 pensaverit
1263 1062 1390 1096 album.

486 1117 661 1158 “Absit„
684 1117 738 1150 bis
760 1117 863 1155 fatur,
886 1116 1027 1150 barbam
1051 1117 1237 1159 quatiendo
1261 1117 1419 1155 minatur,

487 1172 501 1188 “
514 1170 703 1203 Posteritas
725 1175 839 1202 vestra
861 1169 940 1202 volo
964 1179 1032 1212 quo
1055 1169 1144 1202 sciat
1163 1169 1250 1202 haec
1275 1169 1324 1202 ita
1345 1176 1457 1214 gesta:

487 1226 501 1242 “
514 1224 636 1257 Donec
658 1224 806 1256 mundus
829 1222 896 1256 erit
919 1222 1128 1256 Bonefacius
1150 1223 1208 1255 hic
1233 1223 1328 1266 quod
1350 1222 1486 1256 adhesit

487 1277 670 1316 “Dicatur‚
693 1286 833 1319 prorsus
855 1287 910 1308 me
933 1286 1003 1309 non
1025 1275 1109 1308 licet
1132 1285 1206 1308 esse
1229 1281 1396 1309 retortum
1411 1299 1440 1316 „.

485 1330 618 1363 Incisae
642 1340 743 1362 nares
765 1339 808 1361 ac
831 1339 930 1362 aures
953 1329 1080 1372 quippe
1104 1334 1242 1361 secatae

483 1383 564 1423 Illis,
586 1388 656 1416 tres
681 1382 785 1426 clipei
806 1388 883 1415 sunt
905 1393 949 1415 ex
972 1382 1027 1414 his
1047 1382 1204 1425 undique
1226 1381 1331 1424 pleni.

482 1437 570 1471 Cum
593 1447 678 1469 sano
702 1442 829 1469 cuncto
853 1441 965 1477 coetu,
989 1444 1159 1480 magnove
1182 1435 1369 1478 triumpho,

482 1491 541 1524 Ad
562 1490 739 1534 proprium
762 1496 891 1523 tectum
915 1490 964 1522 sic
989 1495 1040 1522 est
1063 1489 1134 1522 dux
1157 1489 1220 1522 iste
1244 1500 1430 1533 regressus.

386 539 440 572 960

2011 702 2030 717 c.
2044 702 2093 721 ,Ην

384 1079 439 1105 970

386 1345 438 1372 975

88 1623 188 1656 XIII.
210 1623 266 1656 Dc
287 1627 393 1661 aceto,
415 1622 506 1665 quod
525 1620 688 1654 Man-hio
710 1618 917 1662 Bonefacius
939 1619 1125 1663 transmifil
1146 1619 1313 1653 Heinrico
1328 1620 1415 1663 regi
1426 1620 1578 1660 secundo,
1596 1624 1631 1653 et
1644 1621 1685 1653 de
1696 1620 1835 1664 grandi
1847 1621 1931 1653 dono
1985 1627 2060 1651 Μυκη
2075 1632 2115 1652 ³⁵⁵

174 1676 265 1720 quod
284 1675 421 1719 quidam
442 1685 560 1708 servus
582 1675 653 1707 eius
676 1674 771 1706 dedit
792 1673 898 1705 eidem
920 1671 1032 1716 regi.'

482 1758 662 1803 Magnifici
684 1758 798 1791 vultus
820 1769 882 1790 rex
903 1757 1106 1801 Italiamque
1128 1758 1302 1791 secundus
2018 1770 2038 1785 c·
2051 1766 2101 1790 εσυ

384 1821 439 1852 980
482 1812 588 1846 Venit
611 1811 805 1850 Heinricus,
830 1811 977 1854 sapiens,
1001 1811 1180 1850 iocundus,
1206 1811 1356 1854 opimus;

485 1865 736 1909 Mandavitque
759 1875 821 1898 sua
843 1863 1035 1897 Bonefacio
1057 1875 1148 1897 nova
1169 1864 1281 1907 plura,

488 1919 533 1951 Et
554 1919 716 1963 quoniam
739 1928 856 1952 secum
879 1917 1055 1951 laudatum
1077 1917 1183 1951 vellet
1203 1923 1342 1951 acetum

486 1971 560 2005 Arx
582 1971 677 2016 quod
697 1971 857 2017 gestabat
881 1981 970 2015 quae
991 1971 1029 2004 fit
1052 1971 1206 2005 Canossa
1229 1977 1361 2005 vocata.

487 2026 638 2068 Imperat
661 2025 795 2069 argenti
817 2030 976 2069 vegetem
998 2023 1111 2058 subito
1134 2024 1314 2064 fabricari,

385 2088 438 2121 985
485 2078 590 2112 Binos
613 2085 715 2123 atque
738 2079 844 2112 boves
867 2079 938 2111 dux
960 2084 1231 2121 carpentumque
1254 2079 1430 2123 iugumve:

487 2133 574 2166 Cum
597 2132 708 2166 bobus
730 2131 820 2165 vivis
843 2132 931 2165 haec
954 2132 1031 2177 regi
1054 2132 1207 2165 marchio
1229 2131 1336 2170 misit3

489 2187 618 2221 Carum
640 2196 702 2220 rex
724 2185 853 2219 donum
875 2186 984 2219 tenuit
1006 2196 1238 2230 magnumque
1262 2186 1437 2219 decorum.

179 2324 207 2341 v.
224 2315 291 2348 957)
314 2300 453 2340 Terei-mas
474 2316 573 2344 hastas,
596 2316 690 2340 trenta
709 2315 812 2340 armati
831 2315 859 2339 di
880 2315 983 2340 lancia.
1038 2314 1219 2344 tificazione;
1235 2315 1341 2340 inoltre
1352 2322 1410 2340 non
1421 2316 1444 2340 si
1457 2314 1537 2348 parla
1547 2315 1577 2340 dl
1587 2315 1738 2347 conquisita
1749 2314 1794 2339 del
1805 2314 1932 2343 castello,

93 2358 176 2384 Luxu.
1040 2365 1085 2382 ma
1104 2357 1168 2382 solo
1187 2358 1215 2382 di
1236 2359 1345 2382 cattura
1364 2357 1393 2382 di
1414 2358 1509 2382 alcuni
1531 2358 1713 2391 prigionieri.
1961 2362 1996 2380 20

182 2409 210 2426 v.
228 2399 294 2433 959)
312 2403 458 2426 recurrant
475 2408 531 2425 cum
550 2401 609 2429 ete„
629 2407 644 2424 e
663 2401 688 2425 si
707 2401 849 2425 rivoltino
871 2400 985 2432 quando
1126 2409 1154 2425 v.
1172 2398 1234 2433 979)
1255 2400 1403 2433 Magm'fici
1423 2401 1519 2425 vultus.
1552 2400 1658 2424 Enrlco
1677 2407 1723 2424 era
1742 2399 1772 2424 di
1791 2399 1934 2424 altissima

93 2443 156 2468 sian
177 2450 274 2475 presso
299 2444 353 2467 etc.
1039 2443 1158 2473 statura,
1178 2443 1206 2467 di
1226 2442 1352 2467 colorito
1379 2450 1460 2467 scuto
1480 2440 1514 2475 (il
1534 2442 1630 2474 Nero),
1650 2448 1696 2466 ma
1715 2441 1743 2466 dl
1765 2441 1933 2466 lineamenti

179 2492 207 2510 v.
225 2484 287 2518 9⁶²)
307 2485 363 2510 acti
382 2491 452 2509 sono
465 2484 506 2517 gli
527 2484 681 2518 Allobrogi
700 2485 850 2510 trascinati
865 2485 987 2510 lontano
1041 2484 1110 2509 belli
1130 2492 1144 2509 e
1164 2485 1316 2518 simpatici.

94 2527 174 2553 dalla
193 2527 361 2560 protezlone
379 2527 425 2551 del
444 2527 573 2552 castello.
1130 2535 1157 2552 v.
1175 2525 1237 2560 980)
1250 2526 1285 2551 Se
1297 2527 1390 2559 questi
1409 2526 1532 2560 episodii
1547 2527 1571 2552 sl
1584 2526 1755 2551 riferiscono
1774 2527 1934 2552 veramente

182 2577 211 2596 v.
227 2569 290 2602 9⁶⁶)
311 2570 375 2595 Cum
394 2568 492 2594 lumine
506 2570 600 2600 plano,
620 2569 665 2594 col
684 2570 748 2594 viso
766 2570 869 2602 piatto.
1041 2577 1057 2595 a
1075 2570 1181 2594 Enrico
1201 2577 1215 2594 e
1235 2577 1292 2594 non
1312 2577 1328 2594 a
1347 2568 1476 2595 Corrado
1496 2569 1530 2601 (il
1545 2569 1603 2598 che,
1617 2570 1702 2601 dopo,
1717 2569 1745 2593 la
1765 2569 1935 2593 confusione
1963 2574 1994 2601 ²5

184 2620 210 2637 v.
228 2610 290 2645 968)
308 2612 364 2643 sibi,
385 2611 449 2636 vale
467 2612 520 2641 illi,
540 2610 601 2636 eloe
620 2612 648 2636 al
667 2619 794 2645 ragazzO.
1041 2613 1086 2637 del
1106 2619 1166 2646 capr
1186 2611 1376 2641 antecedente,
1396 2612 1510 2636 sarebbe
1524 2611 1673 2644 possibile)
1686 2610 1861 2635 dovrebbero
1874 2611 1931 2636 col-

183 2662 210 2679 v.
227 2653 289 2687 969)
307 2654 459 2685 „appensum
472 2653 588 2678 trutinae
602 2654 731 2684 iuvenem,
751 2654 819 2679 deve
837 2661 927 2679 essere
940 2662 987 2687 og·
1042 2656 1147 2680 locarsi
1166 2655 1311 2679 nell’anno
1335 2655 1464 2687 ¹04⁶-47·

95 2697 174 2728 getto
184 2696 213 2720 di
220 2695 393 2727 pensaverit;
405 2694 463 2719 cosi
475 2695 538 2720 solo
549 2695 574 2720 si
585 2695 721 2728 spiegalo
732 2697 829 2721 stu-ano
840 2698 989 2721 costrutto.
1129 2705 1155 2722 v.
1174 2697 1236 2731 982)
1259 2697 1491 2722 Probabssmente
1511 2698 1533 2721 si
1555 2698 1643 2721 tratta
1670 2696 1821 2721 dell’aceto
1839 2696 1932 2721 balsa-

184 2746 211 2763 v.
223 2736 285 2771 972)
299 2738 464 2763 costruisch
479 2738 492 2752 ⁸
500 2738 577 2762 Volo
587 2745 643 2770 quo
656 2739 810 2772 posteritas
821 2740 892 2764 sciat
902 2741 955 2764 etc.
962 2757 987 2771 υ.
1042 2741 1116 2764 mico
1129 2740 1180 2764 che
1192 2738 1207 2764 ὲ
1220 2746 1325 2764 ancora
1338 2746 1394 2763 una
1408 2740 1537 2772 pregiata
1550 2736 1700 2771 speciant&
1713 2738 1758 2762 del
1772 2737 1932 2766 Modenese.

183 2789 210 2805 v.
229 2781 292 2814 973)
313 2781 447 2811 adhaesit,
465 2780 514 2812 qui
534 2779 624 2805 lasci&
644 2780 668 2805 il
687 2787 783 2813 segno,
1042 2790 1065 2813 e,
1092 2782 1173 2810 forse,
1200 2788 1216 2805 a
1241 2782 1305 2813 quel
1329 2783 1434 2814 tempo,
1459 2781 1503 2805 del
1530 2781 1688 2813 R'eggiano.
1725 2780 1748 2804 Il
1767 2780 1848 2805 Pertz
1874 2788 1888 2805 e
1913 2780 1935 2804 il
1963 2785 1998 2811 3⁰

184 2831 212 2847 v.
229 2821 292 2855 976)
312 2822 346 2847 D.
366 2830 425 2847 non
452 2823 514 2847 dIce
539 2822 588 2847 che
613 2824 712 2855 questo
737 2823 868 2848 macabro
893 2824 988 2849 trofeo
1042 2824 1198 2848 Bethmann
1214 2823 1242 2848 lo
1256 2823 1380 2848 credone
1394 2823 1477 2848 miele
1498 2824 1613 2854 vergine
1632 2823 1733 2854 (acetus
1752 2824 1810 2854 mel,
1832 2822 1936 2847 achetos

97 2864 173 2890 fosse
191 2866 308 2898 portato
327 2872 344 2890 a
363 2865 491 2890 Canossa
511 2871 589 2889 come
608 2866 711 2890 ritiene
724 2866 747 2890 ll
766 2866 850 2890 Falce
869 2865 922 2897 (op.
934 2867 988 2895 cie„
1042 2865 1115 2899 mel).

96 2906 131 2936 11,
145 2905 200 2940 4ο).
234 2907 259 2932 ΙΙ
272 2907 402 2932 Bresslau
422 2907 558 2932 vorrebbe
577 2907 751 2932 identificare
765 2908 787 2932 il
801 2908 919 2933 castello
932 2915 987 2933 con
1130 2916 1156 2932 v.
1175 2905 1238 2940 984)
1256 2907 1346 2932 Verso
1366 2909 1489 2932 corretto
1510 2909 1540 2932 in
1568 2909 1595 2932 V.
1633 2907 1747 2931 L’aceto
1766 2913 1813 2931 era
1832 2906 1862 2931 di
1882 2905 1936 2931 Ca-

97 2948 268 2974 Neuehitel:
288 2950 310 2974 il
329 2949 412 2974 Falce
431 2950 459 2974 lo
479 2950 591 2975 esclude
618 2948 718 2984 perche
737 2950 857 2975 avrebbe
876 2957 989 2984 rappre-
1044 2957 1137 2980 nossa,
1157 2956 1202 2974 ma
1222 2950 1243 2974 il
1263 2949 1364 2974 lavoro
1384 2949 1532 2982 d'argento
1551 2957 1568 2974 o
1588 2956 1634 2974 era
1647 2946 1695 2982 gia
1715 2949 1867 2981 posseduto
1887 2949 1935 2974 dal

99 2992 210 3016 sentato
229 2999 286 3017 una
305 2992 476 3018 deviazlone
495 2993 574 3017 dalla
594 2993 641 3017 via
660 2992 704 3017 del
729 2994 851 3017 ritorno.
889 2993 912 3017 Il
932 3000 989 3017 rac-
1043 2992 1197 3021 Marchese,
1216 3000 1233 3017 0
1253 2992 1283 3017 fu
1305 2992 1463 3017 (abbricato
1483 2993 1514 3017 ln
1529 2999 1585 3017 una
1605 2991 1678 3016 delle
1692 2990 1761 3016 citt&
1781 2993 1936 3024 soggettea
1965 2999 1996 3024 35

99 3033 186 3057 conto
205 3032 234 3057 di
255 3033 290 3058 D.
310 3032 326 3058 ὲ
344 3035 448 3068 troppo
468 3041 540 3067 vago
554 3041 603 3068 per
621 3034 716 3059 offrire
733 3034 798 3059 base
812 3043 827 3060 a
840 3042 896 3060 una
912 3034 990 3060 iden-

1045 3034 1136 3060 Bonis
1136 3035 1206 3060 acio.
