2288 3476
739 249 744 255 ,
775 205 1112 244 PREFAZIONE
1714 202 1863 240 van

25 322 32 378 s
60 335 292 372 combattere
321 334 423 369 coni
442 333 603 369 Romani
631 333 707 380 (dai
726 333 823 380 quali
842 333 946 368 stessi
965 334 985 368 ὲ
1004 331 1134 376 difeso,
1164 338 1267 367 certo
1296 336 1425 379 questo
1455 342 1502 365 un
1530 341 1653 365 errore
1674 329 1862 365 materiale

58 413 90 436 ι·
117 399 323 437 Lornbardi
352 412 460 436 come
490 401 510 435 ὲ
538 399 640 435 detto
668 399 705 434 in
723 397 947 447 Donizone)‚
977 398 1037 446 poi
1058 398 1102 434 10,
1114 398 1141 433 si
1161 397 1196 432 fa
1214 402 1362 434 tornare
1381 397 1417 432 in
1438 395 1675 440 Lombardia,
1694 395 1862 431 bruciare

23 478 27 489 ··
63 479 189 512 ovara,
218 472 373 502 mettere
402 478 423 502 a
449 467 586 502 tributo
615 467 649 501 la
677 466 850 502 Toscana
879 477 899 500 e
927 465 1136 501 finalmente
1165 463 1345 499 decidersi
1373 475 1394 499 a
1421 464 1577 499 liberare
1596 463 1621 498 il
1640 474 1735 510 papa
1764 461 1864 510 dopo

103 533 289 580 colloquio
318 545 389 569 con
416 532 586 569 Matilde.
642 533 718 568 Ora
745 538 871 581 questa
897 532 1111 568 confusione
1140 530 1234 567 deve
1262 542 1381 566 essere
1418 535 1511 566 stata
1540 531 1631 565 satta
1667 528 1862 566 scrivendo

22 608 38 638 '2
73 600 251 636 riassunto
279 611 301 634 a
329 601 519 645 memoria,
548 599 695 646 perche,
725 598 871 635 avendo
899 604 998 635 sotto
1026 598 1075 645 gli
1105 598 1213 634 occhi
1241 597 1449 642 Donizone,
1472 609 1545 632 non
1563 597 1590 632 si
1611 602 1747 644 poteva
1774 595 1863 631 arri-

23 654 112 703 ¹¹‘are
140 679 161 702 a
190 671 324 702 metter
350 667 503 702 insieme
532 670 630 701 tante
658 666 894 701 inesattezze.

110 733 244 768 Percib
281 732 428 779 quando
466 732 650 779 leggiamo
686 732 724 766 in
751 739 878 779 questa
914 732 1088 777 Epitome
1126 743 1197 766 una
1236 730 1462 767 descrizione
1491 730 1629 765 minuta
1658 728 1754 764 della
1782 740 1864 776 per-

47 811 111 834 .na
138 798 173 833 di
205 799 372 845 Matilde,
401 812 425 835 o
454 799 489 833 vi
517 798 692 834 vediamo
712 798 904 834 affermato
924 798 991 833 che
1012 809 1090 834 essa
1111 798 1309 833 cavalcava
1337 797 1490 832 insieme
1519 797 1553 831 ai
1582 796 1661 831 suoi
1691 795 1863 831 cavalieri

30 867 164 910 ἰ’ω3ῒί,
185 866 387 902 dobbiamo
407 878 494 901 aver
520 870 689 913 presente
719 877 788 901 con
820 865 926 912 quale
957 865 1103 900 criterio
1134 866 1152 898 ὲ
1181 870 1273 899 stata
1302 875 1420 899 messa
1447 864 1599 899 insieme
1628 871 1755 910 questa
1785 873 1864 897 nar-

83 932 169 969 ione
197 944 218 967 e
245 945 318 968 non
347 932 511 977 credere,
541 944 649 968 come
685 932 730 966 ha
767 931 859 966 fatto
895 932 1076 978 qualcuno
1089 928 1110 975 ¹,
1149 929 1187 965 di
1216 930 1370 965 trovarsi
1399 930 1437 965 di
1464 930 1582 965 fronte
1611 941 1632 964 a
1652 929 1863 977 particolari

8 984 130 1060 {mgni
158 999 196 1035 di
223 999 319 1045 fede,
358 1005 500 1035 mentre
536 1010 628 1034 sono
665 998 877 1033 invenzioni
907 1010 930 1033 ο
967 998 1265 1045 interpretazioni
1294 998 1434 1033 dovute
1472 997 1545 1033 alla
1573 997 1727 1033 fantasia
1764 996 1863 1032 dello

14 1051 32 1112 2⁷ss
83 1066 204 1102 'ttore.

19 1118 39 1122 ..
109 1133 215 1168 Ecco
242 1132 268 1167 il
295 1142 423 1179 passo:

117 1237 225 1270 “Fuit
247 1242 364 1269 autem
387 1236 570 1270 Comitissa
593 1235 778 1268 Mathildis
803 1235 954 1278 eleganti
977 1235 1090 1268 forma
1113 1234 1299 1268 admodum
1323 1236 1491 1278 speciosa,
1516 1235 1722 1268 micantibus
1746 1235 1867 1274 oculis,

21 1331 23 1333 ι
48 1289 169 1323 1Ιιιιτῒσω
192 1289 286 1322 crine
309 1289 462 1332 perfusa,
485 1289 674 1322 valitudine
704 1298 871 1331 prospera
901 1295 1123 1331 preterquam
1154 1299 1275 1330 parum
1306 1294 1386 1320 ante
1417 1294 1573 1326 mortem,
1596 1289 1733 1330 sapiens
1763 1295 1867 1332 atque

11 1342 222 1387 modesta,
247 1342 283 1374 in
305 1342 519 1375 orationibus
542 1341 674 1379 sedula,
698 1341 863 1374 militibus
887 1341 956 1374 suis
979 1346 1084 1384 atque
1110 1341 1269 1374 fidelibus
1293 1340 1443 1373 affabilis
1467 1347 1501 1373 et
1525 1341 1706 1384 benigna..
1720 1365 1729 1374 .
1743 1365 1750 1374 .
1768 1342 1868 1374 Ince-

12 1389 163 1429 &debat
185 1401 299 1428 autem
323 1395 513 1438 equitando
530 1405 608 1427 cum
632 1394 796 1427 militibus
819 1394 972 1433 armatis,
997 1400 1031 1427 et
1054 1404 1180 1438 magna
1201 1393 1372 1427 nobilium
1395 1394 1572 1432 comitiva,
1595 1404 1733 1437 semper
1755 1394 1868 1438 hylari

12 1449 147 1493 {7-facie
169 1448 335 1492 iocunda,
360 1454 395 1481 et
417 1449 466 1481 ita
489 1449 527 1480 in
550 1448 647 1481 brevi
670 1448 738 1480 fuit
760 1448 919 1481 omnibus
942 1449 1094 1491 gratiosa
1108 1471 1138 1488 „.

109 1584 249 1624 Questa
286 1583 512 1620 descrizione
549 1595 624 1619 non
652 1586 671 1619 ὲ
700 1584 767 1619 che
797 1583 1152 1631 un'amplificazione
1182 1583 1219 1619 di
1255 1583 1376 1632 quella
1413 1585 1481 1619 che
1510 1585 1546 1619 fa
1575 1585 1768 1620 Donizone
1807 1583 1866 1619 nel

22 1631 43 1681 ’ἶ
68 1651 183 1697 ologo
211 1650 246 1686 al
274 1651 308 1687 ΙΙ
335 1651 429 1687 libro
455 1663 475 1686 e
497 1651 565 1686 che
585 1653 605 1686 ὲ
634 1656 796 1697 appunto
824 1651 1003 1686 riassunta
1031 1663 1052 1686 e
1081 1651 1230 1686 inserita
1258 1651 1293 1685 in
1331 1662 1461 1686 mezzo
1497 1663 1518 1686 a
1554 1657 1685 1699 questo
1720 1652 1864 1686 ritratto

16 1718 229 1761 fnmstico.

110 1784 250 1824 Questa
277 1784 453 1830 Epitome
482 1785 529 1820 ha
557 1783 628 1820 due
658 1784 869 1830 particolari
897 1784 935 1819 in
964 1785 1023 1820 cui
1051 1785 1079 1820 si
1109 1790 1234 1821 stacca
1261 1789 1490 1821 nettamente
1519 1784 1613 1820 dalla
1639 1785 1865 1821 Canossiana

14 1860 93 1903 '1⁸¹
112 1855 261 1886 aecosta
288 1850 360 1886 alla
387 1850 609 1896 Polironese,
640 1852 736 1895 eice,
764 1862 872 1887 come
900 1856 1037 1899 questa,
1065 1851 1233 1887 inserisce
1260 1851 1286 1886 il
1309 1851 1455 1888 ricordo
1476 1851 1571 1887 della
1589 1851 1801 1899 spedizione
1831 1850 1868 1886 di

14 1883 45 1966 Ιζ-
65 1917 199 1954 ffredo
227 1917 322 1953 duca
350 1917 387 1952 di
416 1917 569 1965 Spoleto
599 1915 640 1966 (il
659 1917 839 1965 padrigno
867 1918 904 1953 di
932 1917 1105 1964 Matilde)
1124 1930 1144 1953 e
1165 1916 1260 1954 della
1280 1919 1459 1956 Contessa
1478 1924 1609 1955 contro
1627 1919 1638 1953 i
1658 1919 1868 1955 Normanni

20 1967 58 2053 {i
111 1983 223 2027 1063,
254 1989 478 2020 certamente
506 1995 614 2030 preso
643 1984 738 2020 dalla
767 1985 937 2021 Cronaca
965 1984 1001 2019 di
1029 1985 1193 2021 Martino
1220 1984 1378 2030 Polono,
1408 1997 1428 2020 e
1457 1985 1494 2022 di
1523 1986 1581 2032 piu
1620 1985 1801 2033 aggiunge
1834 1985 1867 2020 la

15 2043 166 2118 {stiziffi
195 2050 288 2087 tolta
315 2055 637 2097 apparentemente
667 2050 713 2086 da
739 2052 881 2098 Iacopo
910 2050 956 2086 da
983 2052 1184 2100 Varagine‚
1212 2052 1280 2087 che
1310 2064 1387 2088 essa
1424 2064 1515 2088 avea
1552 2057 1700 2100 sposato
1729 2064 1774 2086 un
1802 2064 1868 2087 suo

22 2105 179 2152 n³³›.‘³sallo
207 2117 254 2152 da
281 2118 339 2152 cui
367 2117 397 2166 si
425 2119 555 2164 separo
585 2117 684 2164 dopo
714 2117 750 2152 di
777 2128 867 2152 aver
894 2124 1052 2165 provato
1080 2119 1090 2152 i
1121 2118 1241 2154 dolori
1270 2118 1331 2154 del
1359 2119 1478 2166 primo
1507 2126 1625 2166 parto,

24 2182 55 2233 fib,-
109 2185 248 2226 Queste
269 2184 494 2221 derivazioni
515 2185 754 2221 confermano
770 2185 839 2220 che
856 2185 1056 2233 l‘Epitome
1076 2185 1228 2222 dovette
1249 2197 1367 2222 essere
1384 2186 1582 2232 compilata
1596 2186 1655 2221 nel
1671 2198 1742 2222 sec.
1759 2184 1866 2222 XIV.

26 2232 53 2352 ᾗ
109 2253 260 2288 Eccone
288 2253 407 2288 alcuni
435 2253 552 2299 passi:

112 2361 258 2394 Illustris
287 2361 418 2394 femine
448 2361 631 2395 Comitisse
662 2361 841 2395 Mathildis
870 2363 922 2395 sic
952 2368 1088 2395 constat
1117 2362 1225 2406 origo.
1271 2362 1362 2394 Nam
1393 2363 1568 2405 quondam
1600 2362 1798 2405 Sigifredus
1824 2362 1868 2395 de

84 2423 126 2447 ca
148 2414 267 2458 genuit
290 2414 456 2447 Azonem.
501 2414 576 2447 Azo
602 2421 714 2448 autem
738 2415 856 2459 genuit
879 2414 1035 2448 Azonem
1057 2416 1260 2448 secundum.
1305 2414 1379 2447 Azo
1402 2415 1575 2448 secundus
1598 2415 1717 2458 genuit
1740 2414 1869 2447 Theal-

62 2482 66 2492 =
165 2467 344 2500 Thealdus
366 2468 485 2511 genuit
507 2466 737 2501 Bonifacium.
783 2467 986 2501 Bonifacius
1007 2469 1127 2512 genuit
1149 2468 1354 2501 Mathildam
1378 2468 1607 2501 Comitissam.

113 2519 206 2553 Sane
228 2521 418 2559 sciendum,
442 2522 536 2564 quod
558 2528 713 2564 tempore
737 2521 881 2554 Henrici
904 2522 1006 2564 primi
1031 2522 1258 2565 imperatoris,
1282 2522 1342 2565 qui
1367 2522 1460 2564 cepit
1484 2522 1658 2564 imperare
1682 2533 1772 2555 anno
1806 2522 1869 2555 do-

82 2574 107 2602 ·'
139 2572 376 2616 DCCCCXX‚
401 2574 540 2617 quidam
564 2575 618 2607 vir
640 2580 773 2617 potens,
798 2575 843 2608 de
867 2576 1031 2608 comitatu
1053 2575 1209 2613 Lucano,
1232 2576 1288 2608 cui
1319 2585 1446 2608 nomen
1478 2575 1685 2620 Sigifredus,
1709 2576 1753 2608 de
1777 2581 1870 2608 terra

46 2324 53 2345 ἶ

51 2482 55 2492 ι
84 2483 120 2500 ιι.

48 2519 53 2526 ι

47 2591 51 2598 .

27 2415 34 2445 ,l

20 2457 42 2492 ἡ

28 2607 59 2666 ἶ,
69 2626 140 2659 tiva
171 2627 351 2666 recedens,
375 2626 663 2670 Appeninumque
694 2633 938 2671 transgressus,
969 2628 1064 2660 venit
1094 2634 1130 2661 et
1159 2628 1331 2661 habitavit
1353 2628 1388 2660 in
1418 2629 1584 2661 comitatu
1608 2628 1756 2671 Regino.
1803 2628 1870 2660 Hic

28 2661 147 2727 ‘'fa-utut
167 2678 324 2712 Azonem
347 2680 496 2722 primum
519 2680 629 2712 virum
654 2686 840 2713 strenuum.
884 2681 961 2714 Azo
977 2681 1116 2723 primus,
1132 2686 1168 2714 ut
1184 2681 1343 2720 diximus,
1358 2682 1478 2724 genuit
1494 2680 1650 2713 Azonem
1667 2681 1869 2719 secundum,

30 2730 66 2782 ζμ
86 2731 313 2776 Sygifredum
336 2732 538 2765 secundum.
583 2732 644 2765 Isti
667 2733 738 2766 duo
761 2734 928 2777 germani,
960 2739 1037 2776 post
1060 2733 1169 2776 patris
1199 2733 1342 2771 obitum,
1365 2734 1545 2767 venientes
1567 2733 1811 2767 habitaverunt
1833 2734 1869 2767 in

27 2814 58 2833 Ἰ
87 2785 169 2818 'tate
192 2785 384 2818 Parmensi.
430 2785 541 2818 Porro
565 2786 609 2818 de
634 2785 822 2829 Sygifredo
843 2787 999 2820 secundo
1025 2793 1124 2819 natus
1147 2792 1198 2819 est
1228 2788 1378 2830 quodam
1409 2796 1519 2830 genus
1549 2787 1584 2819 in
1608 2787 1742 2826 Parma,
1774 2788 1868 2830 quod

100 2838 147 2871 ati
163 2838 332 2871 dicuntur.
379 2839 431 2871 De
455 2838 575 2871 Azone
599 2848 736 2882 quoque
760 2840 915 2872 secundo
937 2846 1054 2872 natum
1078 2840 1173 2872 aliud
1195 2849 1305 2883 genus
1327 2839 1456 2873 ibidem
1481 2846 1542 2878 est,
1566 2840 1626 2883 qui
1650 2840 1785 2873 Giberti
1810 2851 1869 2873 vo-

25 2960 67 3028 ,Ξ
121 2991 129 3007 ¹
149 2993 308 3024 Ρκκκιιττι,
329 2995 446 3020 Canossa
465 3002 529 3024 ecc¹¹
549 3002 576 3027 p.
599 2995 654 3027 138.

38 3335 40 3337 ⁴
34 3171 48 3280 *mn-127*
