2288 3476
1054 262 1186 297 VITA
1214 262 1507 300 MATHILDIS

752 383 874 416 Edidit
897 384 983 415 haec
1008 384 1132 416 aedem
1155 383 1220 417 tibi
1244 384 1371 418 Iacobe
1395 395 1543 429 cumque
1567 386 1707 425 iaceret,

753 436 940 478 Speremus
963 436 1130 479 quamvis,
1155 437 1249 480 quod
1272 437 1317 470 ob
1341 437 1409 471 hoc
1432 437 1542 480 ipsam
1564 439 1654 472 bene
1677 440 1805 480 sancis,

751 489 904 522 Maxime
929 499 1006 522 cum
1031 489 1158 522 loetum
1182 490 1225 522 sit
1248 501 1349 532 passa
1372 497 1467 524 tuum
1491 502 1600 535 prope
1625 493 1763 536 festum,

751 541 800 574 Ut
824 547 940 574 tamen
963 552 1126 574 accurras
1148 542 1213 575 sibi
1236 543 1411 585 poscimus
1434 549 1514 577 ante
1537 545 1699 578 tribunal.

754 595 880 627 Pastor
901 594 1070 638 Apolloni
1094 595 1294 629 Mathildim
1317 607 1482 640 spernere
1507 598 1590 640 noli,

753 648 806 681 Sit
828 648 912 681 licet
934 648 1099 681 iniustum
1123 649 1218 692 quod
1242 650 1372 692 respuit
1396 650 1470 693 ipsa
1493 652 1689 694 sepulcrum

751 700 857 739 Quod
880 707 940 734 tua
962 702 1032 735 fert
1055 702 1172 741 aedes,
1196 713 1264 746 quo
1287 709 1404 746 patres
1428 704 1500 737 eius
1522 705 1696 744 inherent,

748 754 814 788 Ast
837 754 945 787 altare
968 761 1063 787 tuum
1088 762 1201 789 tamen
1224 757 1311 789 haec
1336 757 1445 790 coluit
1468 758 1550 801 quia
1572 759 1727 798 multum,

753 808 847 840 Ante
871 808 966 850 pium
989 817 1109 852 regem
1135 809 1272 841 veniam
1295 809 1361 843 sibi
1383 820 1491 852 posce
1514 811 1674 844 libenter.

750 862 863 906 Virgo
887 861 1001 894 Maria
1024 862 1090 894 Dei
1112 863 1275 906 genitrix,
1298 862 1480 906 noctisque
1504 864 1573 897 diei

752 915 851 948 Haec
874 914 998 948 audire
1021 921 1116 948 tuum
1140 926 1210 948 non
1235 916 1368 950 destitit
1391 917 1549 960 officium,
1572 929 1665 952 nunc

752 970 826 1002 Fac
849 974 887 1001 ut
909 973 943 1001 te
968 968 1093 1007 videat,
1117 969 1181 1002 tibi
1203 969 1331 1002 serviat
1353 975 1389 1002 et
1410 981 1515 1013 super
1538 972 1668 1005 aethra.

752 1022 921 1055 Omnibus
943 1022 980 1054 in
1004 1022 1088 1055 celis
1111 1023 1310 1057 habitacula
1333 1024 1393 1067 qui
1417 1025 1584 1065 retinetis,

747 1076 868 1109 Paruit
890 1076 925 1108 in
949 1081 1042 1109 terra
1065 1076 1165 1109 nimis
1188 1077 1276 1110 haec
1299 1077 1335 1110 in
1359 1088 1507 1120 corpore
1530 1089 1682 1119 versans,

632 1145 700 1172 ¹535
746 1130 820 1164 Vos
841 1129 907 1163 sibi
930 1141 1022 1164 nunc
1046 1141 1166 1164 omnes
1187 1132 1321 1175 requiei
1344 1133 1480 1176 porgite
1503 1139 1639 1169 sortem.
1685 1133 1809 1168 Amen.

640 609 708 636 ¹5²5

635 877 706 903 1530

768 1215 948 1248 Expmcrr
970 1225 1121 1250 CARMEN
1143 1226 1281 1249 mouns
1304 1217 1526 1250 CoM1T1ssAE
1549 1218 1774 1253 MATmLms.

730 1341 937 1373 Exhortatio
962 1341 1104 1374 Canusii
1124 1342 1166 1374 de
1187 1342 1332 1375 adventa
1355 1343 1585 1386 Imperatoris·
1607 1349 1641 1376 et
1662 1344 1825 1388 Reginae

751 1429 848 1462 Pelle
872 1430 1021 1468 timores,
1047 1440 1117 1463 non
1141 1436 1176 1463 et
1199 1431 1360 1470 honores,
1385 1432 1537 1465 candida
1558 1438 1674 1476 petra:

748 1483 929 1526 Tempora
953 1484 1085 1516 dudum
1109 1494 1278 1527 prospera
1298 1485 1443 1518 multum
1465 1486 1535 1518 leta
1556 1486 1705 1529 ferebas,

746 1536 878 1580 Magna
903 1536 1083 1570 Mathildis
1106 1537 1201 1581 quod
1223 1537 1290 1571 tibi
1313 1538 1412 1571 finxit
1435 1545 1591 1582 tempore
1614 1540 1740 1578 multo;

747 1591 793 1623 Et
815 1591 991 1634 genitores
1013 1590 1202 1624 nobiliores
1223 1592 1342 1634 ipsius,
1365 1591 1454 1624 ultro

748 1644 802 1677 Te
825 1649 1051 1687 peramarunt
1073 1650 1107 1677 et
1130 1644 1347 1678 fabricarunt
1368 1644 1520 1689 denique
1544 1646 1656 1685 celse;

744 1698 937 1741 Progenies
959 1707 1048 1742 quae
1071 1698 1139 1730 iam
1161 1699 1396 1741 requiescens,
1422 1699 1524 1732 desiit
1545 1710 1632 1733 esse.

743 1751 916 1795 Plangere
940 1760 1049 1791 cessa,
1076 1751 1206 1795 gaudia
1228 1757 1359 1794 specta,
1382 1752 1488 1786 stabis
1510 1753 1668 1792 honeste;

745 1805 855 1838 Cesar
876 1805 1034 1844 honorat,
1057 1810 1161 1849 teque
1190 1806 1344 1844 decorat,
1368 1806 1414 1839 sis
1436 1817 1497 1839 sua
1519 1817 1667 1850 semper.

745 1859 918 1902 Plangere
942 1858 1026 1898 noli,
1049 1859 1188 1892 culmen
1211 1859 1355 1892 honoris
1378 1865 1415 1892 tu
1437 1861 1620 1899 retinebis;

745 1911 828 1944 Alta
850 1911 1031 1944 Mathildis
1053 1918 1200 1951 mortua,
1223 1913 1309 1945 vivit
1330 1913 1528 1955 splendida,
1552 1914 1656 1953 selim

747 1964 849 2004 Quae
872 1975 963 1998 nova
985 1970 1096 1998 mater
1119 1976 1228 2009 regna
1250 1965 1351 1999 beate
1374 1973 1479 2010 teque
1503 1967 1631 2007 beabit,

746 2019 809 2052 Est
831 2029 938 2062 super
958 2018 1053 2051 illam
1078 2026 1361 2059 comemoratam,
1385 2021 1524 2054 nomine
1548 2023 1637 2061 talis,

744 2072 882 2106 Cesaris
905 2072 1020 2105 hostes
1042 2073 1110 2106 sint
1133 2074 1256 2116 procul
1280 2083 1409 2116 omnes,
1435 2074 1510 2118 ipse
1535 2075 1674 2115 beetur3

745 2126 790 2159 Et
813 2137 874 2159 sua
899 2126 1050 2158 coniunx
1073 2126 1212 2170 fulgida
1234 2137 1386 2169 prorsus,
1411 2127 1505 2160 vivat
1529 2128 1565 2160 in
1589 2140 1723 2162 aevum.

634 1658 704 1684 ¹540

631 1924 698 1952 ¹⁵45

434 2263 462 2281 v.
481 2255 566 2289 1542)
586 2256 692 2281 Enrlco
711 2257 736 2281 V
751 2257 781 2281 su
795 2265 810 2282 a
825 2256 952 2282 Canossa
967 2257 988 2281 il
1010 2262 1040 2288 17
1061 2257 1153 2290 aprile
1167 2257 1245 2288 1116,

345 2305 425 2323 come
445 2306 549 2332 appare
568 2299 604 2325 da
624 2307 662 2324 un
683 2300 814 2332 diploma
833 2300 884 2324 che
903 2300 1049 2324 conferma
1070 2307 1085 2324 a
1105 2300 1132 2325 S.
1153 2300 1246 2332 Apol-

1305 2259 1332 2282 la
1352 2258 1459 2283 diretta
1478 2259 1656 2291 dipendenza
1675 2261 1865 2295 dass’impero,
1890 2269 1940 2294 per
1964 2263 2073 2287 evitare
2098 2262 2130 2288 dl
2156 2270 2201 2288 ea·

1302 2301 1366 2325 dere
1386 2303 1464 2326 sotto
1483 2303 1603 2334 qualche
1629 2303 1707 2327 altro
1729 2304 1899 2335 feudatario,
1923 2311 1941 2329 o
1962 2306 2040 2330 sotto
2066 2305 2095 2330 1.,
2119 2303 2202 2338 eltffi,
2222 2341 2224 2344 .
2255 2331 2258 2342 y

288 2646 319 2663 10

346 2341 428 2366 Ionio
442 2342 469 2366 le
482 2342 639 2367 donazioni
660 2342 690 2366 di
704 2341 826 2367 Matilde
839 2341 980 2373 (Sl-num,
999 2349 1027 2367 n.
1046 2341 1137 2375 3135).
1174 2341 1245 2367 Cosl

346 2383 474 2409 Canossa
493 2392 507 2409 e
526 2386 537 2409 1
556 2385 619 2409 suoi
641 2386 755 2410 monaci
776 2387 922 2417 potevano
940 2385 1068 2410 cacciare
1087 2386 1096 2409 i
1116 2385 1218 2410 timori
1231 2393 1245 2410 e

345 2433 516 2452 conservare
534 2428 575 2460 gli
596 2429 690 2452 onorl.
727 2426 768 2452 La
784 2428 857 2452 frase
874 2428 959 2452 Cesar
971 2429 1091 2457 honorat,
1105 2431 1180 2460 teque
1200 2429 1244 2453 de-

345 2472 422 2494 corat
441 2470 469 2494 sa
487 2477 607 2503 pensare
626 2470 676 2494 che
690 2470 710 2494 il
726 2470 898 2502 capitoletto
913 2470 956 2495 sia
975 2470 1138 2503 posteriore
1150 2477 1166 2495 a
1179 2478 1244 2502 que-

346 2512 390 2535 sta
410 2512 498 2536 visita
518 2511 718 2541 rassicumnte.
738 2519 756 2536 o
776 2512 890 2536 almeno
910 2512 985 2536 fatto
1004 2519 1055 2545 per
1073 2519 1143 2537 essa.

434 2561 460 2578 v.
481 2553 564 2585 1543)
586 2554 632 2579 Sis
650 2562 699 2579 sua
718 2558 837 2585 semper:
856 2554 892 2579 D.
905 2554 941 2579 ha
961 2554 1153 2580 dimenticato
1169 2555 1191 2579 il
1206 2556 1242 2580 ri-

346 2595 434 2619 cordo
454 2594 489 2620 da
508 2595 549 2624 lui
570 2602 623 2628 pur
642 2595 717 2620 fatto
737 2596 788 2620 che
801 2595 923 2621 Matilde
943 2603 1012 2621 avea
1024 2597 1148 2622 lasciato
1163 2596 1243 2621 erede

345 2638 373 2661 S.
393 2638 499 2662 Pietro.
536 2636 647 2666 Questo
667 2639 844 2663 mutamento
865 2640 910 2663 nei
936 2639 1045 2671 giudizl
1071 2638 1189 2671 (benche
1206 2639 1241 2664 D.

346 2680 388 2703 sia
408 2681 494 2711 stato,
515 2687 594 2704 come
614 2680 638 2705 sl
657 2678 672 2705 ὲ
691 2680 778 2710 visite,
798 2682 870 2705 assai
891 2681 1031 2714 prudente
1050 2682 1192 2715 parlando
1212 2681 1240 2706 di

345 2721 451 2746 Enrico
471 2721 507 2752 V)
529 2722 557 2746 sa
582 2729 702 2754 pensare
726 2723 777 2747 che
802 2723 830 2748 la
854 2723 969 2755 piccola
988 2724 1086 2755 poesia
1106 2725 1148 2749 sia
1168 2725 1243 2748 stata

345 2765 509 2796 presentata
528 2765 767 2798 all’imperatore:
787 2766 795 2789 i
817 2765 931 2790 monaci
958 2766 1112 2791 avrebbero
1138 2767 1240 2791 voluto

1301 2350 1379 2367 come
1399 2344 1450 2375 poi
1469 2351 1607 2369 avvenne.
2254 2365 2257 2372 .

1387 2393 1412 2410 v.
1430 2386 1514 2419 ¹54⁶)
1534 2386 1656 2411 Matilde
1674 2387 1753 2420 figlia
1774 2388 1802 2412 di
1822 2388 1928 2413 Enrico
1942 2395 1971 2413 re
1983 2388 2012 2414 dl
2026 2388 2203 2422 Inghlltem
2224 2384 2226 2386 V
2250 2391 2257 2408 =³

1299 2434 1314 2451 e
1334 2429 1442 2460 moglie
1462 2429 1491 2453 di
1510 2429 1617 2454 Enrico
1636 2429 1661 2453 V
1681 2429 1743 2463 (poi
1762 2431 1791 2455 di
1813 2430 1944 2456 Goflredo
1959 2431 1988 2455 di
2002 2429 2111 2465 Anjou)
2125 2432 2202 2457 forse
2226 2423 2229 2427 ¹

1300 2477 1393 2494 venne
1411 2477 1472 2494 essa
1491 2478 1560 2504 pure
1580 2479 1596 2496 a
1617 2471 1753 2497 Canossa.
1792 2473 1882 2503 Super
1907 2473 1985 2498 illam
2010 2480 2218 2504 commemora-1

1299 2516 1367 2541 tam;
1388 2514 1418 2536 vi
1437 2511 1461 2542 e,
1474 2514 1577 2545 uguale
1591 2514 1619 2538 di
1634 2522 1726 2544 nome,
1740 2515 1814 2540 oltre
1827 2515 1855 2540 la
1869 2515 2022 2545 ricordata,
2035 2515 2091 2545 chl,
2105 2522 2201 2541 nuova
2225 2517 2229 2535 5
2256 2521 2257 2524 ’

1299 2555 1402 2584 madre,
1423 2554 1540 2580 render&
1561 2557 1638 2581 felici
1661 2558 1669 2581 i
1691 2559 1771 2590 regni
1792 2559 1843 2582 etc.
2225 2556 2227 2558 ¹

1386 2606 1414 2622 v.
1433 2597 1516 2630 1548)
1539 2600 1648 2623 Cesaru's
1667 2601 1751 2624 hostes
1763 2600 1818 2625 sint
1825 2601 1925 2631 procul
1934 2607 2036 2626 omnest
2051 2601 2095 2626 fra
2106 2600 2200 2633 questi

1298 2641 1325 2664 vi
1346 2647 1394 2664 era
1413 2641 1501 2665 anche
1515 2641 1655 2673 Pasquale
1668 2641 1703 2673 11,
1718 2649 1772 2666 con
1792 2643 1838 2667 cui
1858 2642 1966 2667 Enrico
1985 2649 2033 2667 era
2051 2643 2082 2667 in
2096 2644 2174 2668 totta
2186 2649 2201 2668 e
2221 2670 2223 2674 ,
2245 2634 2247 2664 ι1

1296 2682 1358 2712 che,
1377 2683 1439 2707 solo
1454 2691 1503 2714 per
1517 2684 1545 2708 lo
1558 2684 1695 2716 scrupolo
1708 2684 1784 2708 della
1794 2691 1939 2717 promessa
1951 2684 2068 2718 fattagl!
2080 2691 2098 2710 a
2109 2685 2200 2710 Roma
2218 2715 2219 2718 Ἰ
2243 2700 2248 2723 5

1297 2725 1343 2749 nel
1366 2731 1443 2753 1111,
1458 2733 1517 2750 non
1531 2727 1634 2751 cedeva
1647 2727 1705 2751 alle
1718 2727 1871 2752 insistenze
1885 2727 1931 2751 del
1945 2728 2055 2760 pai-tlte
2068 2726 2200 2752 ritorma-
2223 2727 2226 2730 ⁴
2241 2724 2247 2753 ’ἶ

1296 2769 1368 2796 tore,
1382 2768 1403 2791 il
1418 2768 1501 2799 quale
1517 2769 1618 2793 voleva
1632 2769 1682 2793 che
1695 2769 1890 2802 l'imperatore
1904 2769 1980 2794 fosse
1992 2770 2200 2802 scomunlcato.
