2288 3476
157 251 352 287 uso-113⁵]
607 244 858 281 HISTORIA
885 242 1316 280 MED10LANENS1S
1823 240 1871 276 35

85 374 173 414 &lam
194 389 257 422 per
279 379 366 411 duos
386 379 544 422 ydoneos
566 377 712 415 nuntios,
735 377 902 410 videlicet
923 376 1094 420 johanem
1109 375 1273 409 Palistine
1296 376 1496 417 episcopum
1513 380 1547 406 et
1570 374 1780 406 Beltramum
1796 371 1875 405 sub-

78 455 80 458 >
133 442 235 465 onum
258 431 506 470 Romanorum,
536 430 723 463 mandavit.
770 429 884 468 Quam
915 430 1039 462 stolam
1061 429 1135 472 ipse
1159 428 1343 462 Anselmus
1373 428 1543 470 pontifex,
1568 427 1661 459 clero
1685 432 1719 459 et
1741 425 1871 468 populo

94 483 306 526 ,ἀίοῙαιιεηεί
329 484 571 518 circumstante
595 489 631 516 et
653 483 861 516 colaudante
890 482 1098 516 Anacletum
1122 493 1246 525 papam
1274 482 1416 524 eiusque
1438 482 1569 524 legatos
1591 486 1626 513 et
1647 479 1872 523 legationem,

86 535 250 571 erenter
272 538 432 581 suscepit.
478 537 562 570 Pars
577 546 659 570 vero
682 535 748 568 sibi
764 536 910 569 adversa
932 535 1016 569 inde
1033 526 1144 578 magis*
1164 535 1346 568 detrahere
1371 534 1478 576 cepit.
1522 532 1569 566 At
1592 532 1772 576 plenitudo
1788 531 1874 564 cleri

79 626 93 637 ,f
107 591 227 635 populi
242 592 288 624 ad
304 602 381 623 eum
398 590 619 628 coneurebat,
642 590 799 623 timorem
823 599 961 633 quoque
978 595 1012 621 et
1028 589 1258 622 reverentiam
1281 588 1356 631 regi
1379 588 1517 621 Curado
1535 593 1568 620 et
1583 597 1673 629 pape
1696 585 1873 618 Anacreto

96 638 101 660 ⁵
119 644 307 678 dilectione
329 644 499 687 portabat.

137 741 189 778 57.
214 759 255 765 -—
278 742 323 774 Et
345 742 427 774 dum
450 741 508 774 hic
532 740 670 784 spiritus
702 741 766 774 fuit
789 741 825 772 in
849 740 1065 783 plenitudine
1095 739 1242 773 ecclesie
1266 745 1300 772 et
1323 738 1475 772 civitatis
1503 737 1707 776 Mediolani,
1731 742 1766 769 et
1787 747 1871 769 ven-

95 809 102 823 ι
113 805 199 829 ones
213 800 248 828 et
260 794 454 838 privilegia.
471 805 537 838 que
553 793 687 838 egregii
710 793 882 836 capitanei
898 794 942 826 de
960 793 1112 826 Bessana
1127 798 1160 825 et
1177 793 1221 825 de
1237 798 1337 835 porta
1360 790 1555 824 Horientali
1570 796 1672 833 atque
1696 790 1874 834 Lomagna

106 847 294 892 Gregorius
317 859 409 892 papa
437 848 602 890 septimus
625 853 659 880 et
688 847 849 880 Urbanus
870 845 973 889 papa'
997 846 1168 879 secundus
1190 845 1384 888 presbitero
1408 845 1585 887 Liprando
1610 844 1778 882 fecerunt,
1801 843 1870 875 vim
1935 852 2011 876 Mun„
2026 855 2064 876 5ιὸ

72 890 91 954 zi,
113 913 144 935 m
167 901 390 935 obtinuerunt
414 908 447 934 et
471 901 581 934 oculis
604 900 757 934 omnium
781 900 965 940 latuerunt,
987 900 1069 932 nula
1091 910 1199 943 guera
1221 899 1501 932 Mediolanenses
1530 897 1787 941 ignominiavit;
1812 896 1874 929 sed

75 955 286 1000 .piensibus‚
315 954 616 994 Cremonensibus,
646 954 918 987 Novariensibus
948 953 1152 997 cunctisque
1183 953 1252 986 suis
1281 952 1430 984 inimicis
1454 952 1522 985 late
1546 957 1580 984 et
1602 951 1784 994 splendide
1807 950 1876 993 ipsi

89 1009 330 1043 ediolanenses
351 1008 576 1051 prestiterunt
589 1007 610 1041 ¹.
657 1008 705 1040 At
726 1007 787 1040 ubi
810 1006 992 1040 Anselmus
1020 1006 1304 1049 archiepiscopus
1335 1011 1456 1038 contra
1479 1004 1571 1047 ipsas
1599 1004 1817 1037 venditiones
1835 1009 1875 1035 -et

106 1061 238 1106 vilegia
259 1063 377 1094 facere
406 1062 515 1095 voluit
538 1067 573 1094 et
595 1061 692 1100 fecit,
715 1067 750 1093 et
779 1060 960 1093 multitudo
985 1060 1070 1093 cleri
1094 1065 1128 1092 et
1149 1059 1270 1102 populi
1301 1064 1403 1100 atque
1427 1058 1605 1090 consulum
1635 1058 1727 1100 ipsas
1749 1056 1871 1089 vendi-

84 1125 161 1148 nes
175 1121 211 1148 et
226 1115 408 1159 privilegia
430 1115 548 1158 legere
564 1114 683 1151 voluit,
702 1113 885 1157 contingit,
902 1113 999 1156 quod
1014 1112 1153 1156 quidam
1169 1111 1364 1154 manipulus
1380 1109 1538 1143 militum'
1561 1109 1870 1142 Mediolanensium
1957 1124 1979 1138 c.
1993 1123 2040 1142 ριν

66 1166 171 1215 ‘ptus
192 1174 244 1201 est
259 1179 279 1200 a
294 1167 600 1204 Cremonensibus;
625 1173 660 1199 et
675 1166 791 1209 plures
807 1166 851 1199 de
874 1165 1057 1199 ordinariis
1081 1165 1282 1198 decumanis
1304 1163 1542 1197 sacerdotibus
1566 1168 1734 1206 ceperunt
1756 1163 1874 1195 nescio

71 1231 115 1255 ,ιο
136 1221 258 1264 spiritu
280 1232 385 1264 super
408 1231 512 1254 causa
542 1221 633 1264 regis
657 1219 788 1253 Curadi
817 1219 932 1252 ridere
956 1225 990 1252 et
1013 1229 1151 1252 causam
1182 1217 1343 1251 Anacleti
1373 1218 1524 1249 latenter
1553 1227 1731 1259 spernere.
1776 1216 1871 1248 Hinc

90 1291 115 1304 -;
143 1276 230 1308 Imus
253 1274 532 1317 archiepiscopus
548 1273 672 1306 multos
687 1273 857 1306 sustinens
879 1272 1045 1311 stimulos,
1067 1272 1209 1305 tandem
1232 1270 1459 1314 presbiterum
1483 1269 1649 1309 Azonem,
1672 1269 1873 1313 magistrum

69 1338 240 1368 erorum,
264 1328 462 1361 canentium
486 1327 722 1370 principaliter
746 1327 783 1358 in
805 1326 906 1359 missa
929 1326 1159 1364 sacerdotum,
1183 1324 1431 1358 celebrantium
1462 1324 1620 1366 corporis
1643 1329 1677 1356 et
1699 1323 1875 1367 sanguinis

65 1392 91 1410 5·
119 1381 176 1415 isti
197 1381 375 1420 sacrificia,
399 1387 433 1414 et
455 1381 623 1424 quosdam
645 1380 757 1419 allios,
774 1380 834 1422 qui
857 1380 997 1412 fuerunt
1020 1379 1132 1412 dolosi
1148 1379 1183 1410 in
1200 1379 1434 1411 celebratione
1459 1387 1586 1410 corone
1602 1377 1693 1420 regis
1709 1377 1872 1415 Conradi‚

44 1435 366 1481 &communicavit
413 1434 465 1466 Ex
488 1433 585 1477 cujus
607 1432 978 1466 excommunicationis
1001 1432 1119 1464 radice
1150 1430 1370 1464 circumcisi*
1395 1431 1567 1471 Christum
1598 1430 1704 1462 filium
1729 1430 1871 1474 virginis

91 1495 217 1527 ·orant‚
241 1494 276 1522 et
305 1488 452 1520 maxima
483 1497 562 1529 pars
593 1487 769 1526 Quiritum
801 1492 836 1519 et
865 1485 1176 1530 Longobardorum
1209 1490 1384 1517 auctorem
1417 1484 1535 1518 divine
1559 1489 1594 1516 et
1617 1483 1764 1515 humane
1787 1482 1875 1526 legis

55 1532 59 1580 ¹,
79 1541 82 1544 ’
99 1542 190 1575 nime
212 1546 338 1580 amant,
354 1541 428 1573 sine
445 1540 570 1583 quibus
592 1539 791 1572 auctoribus
808 1539 874 1572 celi
889 1539 945 1571 vel
960 1545 1053 1571 terre
1070 1549 1158 1580 pace
1182 1538 1251 1570 frui
1269 1548 1337 1570 non
1360 1547 1547 1580 possumus,
1592 1536 1638 1568 Et
1660 1536 1764 1568 etiam
1781 1546 1872 1568 nunc

72 1595 216 1628 cessio
232 1594 338 1627 multa
353 1600 388 1626 et
402 1593 594 1636 pernitiosa
610 1593 770 1626 nimirum
787 1598 862 1625 orta
878 1597 930 1624 est
946 1591 982 1624 in
996 1591 1250 1624 Mediolanensi
1274 1591 1404 1634 populo
1420 1590 1482 1623 sub
1505 1589 1872 1623 excommunicationis

80 1647 162 1686 10;
187 1648 269 1691 quia
291 1648 317 1679 si
341 1646 626 1689 archiepiscopus
651 1645 963 1678 excommunicavit
985 1645 1077 1677 hunc
1108 1644 1336 1687 presbiterum
1360 1650 1394 1677 et
1416 1644 1517 1676 allios
1538 1644 1575 1675 in
1598 1643 1732 1686 pulpito
1755 1648 1873 1674 sancte

39 1700 169 1794 Δ«1,,ἶισε1ιε,
192 1707 228 1734 et
249 1701 404 1743 episcopi
429 1699 739 1742 comprovinciales
762 1705 797 1732 et
819 1698 1029 1742 suffraganei,
1052 1698 1140 1731 sicut
1161 1698 1288 1740 supra³
1311 1698 1443 1730 dictum
1467 1703 1529 1735 est,
1553 1695 1875 1729 excommunicave-

96 1761 125 1788 ·t
147 1754 241 1787 illum
265 1753 386 1796 Papie.

7 1822 8 1825 ¹
60 1818 69 1833 h

133 1851 185 1885 58.
217 1869 258 1875 -
288 1851 464 1884 Ordinarii
495 1851 611 1894 itaque
643 1857 678 1884 et
708 1850 887 1883 decumani
925 1850 1126 1883 sacerdotes
1157 1854 1191 1882 et
1222 1848 1329 1881 ceteri
1363 1849 1519 1881 faventes
1549 1858 1639 1890 pape
1669 1846 1874 1880 Innocentio

112 1904 208 1944 ndo,
230 1911 264 1937 et
279 1905 422 1937 insidias
442 1909 671 1947 preparantes
693 1904 889 1947 hujusmodi
913 1903 1186 1945 archiepiscopo,
1210 1912 1288 1934 suas
1310 1902 1478 1944 pecunias
1499 1901 1699 1933 effuderunt
1721 1905 1756 1932 et
1779 1899 1871 1941 ipsas

63 1969 133 2006 :qs
156 1963 190 1991 et
212 1968 344 1990 morum
368 1957 489 2000 peritis
512 1963 614 2001 atque
645 1957 869 1990 bellatoribus
892 1956 974 1989 viris
998 1956 1201 1988 tribuerunt.
1248 1955 1351 1988 Unde
1374 1955 1447 1997 ipse
1470 1953 1755 1996 archiepiscopus
1778 1963 1873 1985 com-

64 2011 162 2045 lsus
183 2011 313 2044 intrare
336 2011 539 2054 popularem
563 2011 771 2050 contionem,
793 2016 831 2043 ut
854 2010 903 2043 ibi
926 2008 1124 2042 decertaret
1146 2019 1225 2041 cum
1247 2008 1315 2040 suis
1338 2007 1642 2041 excommunicatis
1665 2007 1709 2039 de
1733 2016 1872 2039 excom-

36 2106 38 2108 Υ
64 2085 66 2088 -
88 2065 286 2098 nicatione.
332 2063 489 2107 Cumque
513 2064 587 2107 ipse
610 2070 812 2105 expectaret
841 2063 969 2107 sagitas
993 2063 1036 2096 de
1058 2062 1147 2105 justa
1169 2069 1227 2094 aut
1249 2062 1376 2105 injusta
1407 2059 1775 2097 excommunicatione,
1798 2058 1871 2090 Na-

0 2158 3 2164 ]
54 2118 68 2162 J
83 2118 154 2151 rius
176 2118 405 2161 primicerius,
435 2117 520 2150 mire
543 2117 730 2149 caliditatis
760 2118 875 2155 homo,
905 2127 968 2159 per
990 2116 1163 2158 prolixum
1187 2125 1378 2148 sermonem
1402 2120 1526 2146 cuncte
1550 2113 1712 2146 concioni
1734 2111 1871 2145 induxit

0 2168 2 2173 ’
87 2170 230 2203 tidium.
282 2169 564 2212 Archipresbiter
593 2175 706 2202 autem
737 2170 1008 2202 decumanorum
1042 2168 1251 2211 Stephanus,
1281 2167 1341 2210 qui
1371 2166 1634 2209 cognominatur
1669 2165 1870 2202 Guandeea,

52 2219 166 2257 'dens
186 2224 420 2266 primicerium
441 2233 538 2256 suum
560 2222 740 2256 fastidiose
764 2222 841 2255 fore
865 2222 1028 2260 locutum,
1051 2231 1172 2255 vocem
1195 2231 1291 2253 suam
1315 2220 1479 2253 exaltavit
1495 2225 1530 2251 et
1554 2225 1675 2251 contra
1697 2217 1868 2259 archiepi-

36 2291 39 2295 ·
51 2275 186 2320 ‘'opum
202 2277 253 2309 sic
270 2276 333 2308 ait:
356 2277 371 2294 ‘⁶
383 2275 472 2315 Hoc,
489 2276 582 2319 quod
597 2275 652 2308 isti
668 2276 790 2308 nolunt
805 2275 867 2307 tibi
884 2275 1011 2313 dicere,
1028 2285 1094 2318 ego
1118 2274 1209 2307 dico.
1254 2274 1310 2306 Tu
1326 2284 1363 2306 es
1379 2273 1563 2310 hereticus,
1580 2272 1748 2316 perjurus,
1765 2270 1873 2303 sacri-

47 2328 185 2382 legus
209 2335 244 2362 et
267 2329 356 2362 alliis
379 2328 592 2367 criminibus,
616 2339 682 2372 que
699 2339 768 2361 non
790 2333 870 2361 sunt
892 2328 947 2360 hic
964 2328 1116 2360 notanda
1140 2337 1177 2359 es
1199 2337 1279 2359 reus
1293 2350 1322 2366 „.
1368 2326 1446 2358 Hiis
1462 2325 1587 2358 auditis
1603 2335 1645 2357 ex
1668 2323 1868 2366 improviso,

55 2383 326 2464 ahiepiscopus
348 2382 534 2424 obstupuit.
580 2381 859 2424 Archipresbiter
881 2391 964 2414 vero
980 2381 1052 2421 ille,
1075 2381 1208 2413 habens
1231 2386 1356 2413 testum
1379 2378 1638 2422 evangeliorum
1662 2378 1708 2410 ad
1724 2387 1873 2414 manum,

87 2437 206 2470 ntinuo
227 2436 364 2479 juravit,
388 2435 481 2478 quod
504 2435 579 2478 ipse
604 2435 648 2468 de
670 2435 744 2468 istis
765 2435 877 2475 rebus,
900 2445 984 2478 quas
1008 2435 1154 2473 dixerat,
1170 2444 1245 2466 esse
1262 2434 1297 2465 in
1316 2434 1381 2466 isto
1400 2432 1580 2471 Anselmo,
1596 2431 1656 2474 qui
1681 2430 1809 2463 dicitur
1827 2429 1871 2462 de

54 2452 213 2527 &ster-la,
234 2490 270 2521 in
292 2489 422 2532 judicio
445 2488 599 2530 episcopi
623 2488 845 2521 Novariensis
867 2493 903 2520 et
927 2487 1156 2520 Albanensis⁴
1158 2510 1167 2525 ,
1191 2486 1250 2529 qui
1283 2493 1363 2518 sunt
1386 2485 1430 2518 de
1453 2484 1686 2528 suffraganeis
1717 2482 1870 2515 ecclesie

0 1967 5 2048 ἶ

0 2077 4 2102 l

0 2128 3 2156 Ι

136 2607 177 2626 12.
195 2600 268 2626 XLI.
285 2598 378 2626 Clerus
395 2598 546 2625 Mediolani
563 2598 708 2625 Ansatmus
725 2598 755 2624 de
773 2597 1010 2631 Archiepiscopatu
1028 2598 1110 2631 pellit.
1146 2598 1227 2630 Papa
1244 2597 1418 2623 Innocentius
1436 2597 1466 2622 id
1483 2595 1629 2629 confirmat,
1648 2597 1670 2620 et
1688 2595 1793 2620 beatum
1809 2594 1874 2619 Ber-

73 2656 85 2661 fv
101 2649 160 2668 um
177 2642 364 2668 Mediolanum
382 2641 463 2667 mittit

138 2739 160 2757 ι.
177 2731 204 2757 11
214 2732 298 2757 Sassx
316 2731 431 2757 vorrebbe
449 2731 544 2763 leggera
562 2731 770 2759 Praenestinae,
787 2729 810 2755 il
826 2731 924 2756 Panrz
942 2730 1086 2762 suggerisce
1107 2730 1135 2754 αἲ
1154 2730 1335 2761 interpretare:
1355 2737 1394 2753 un
1413 2736 1536 2753 vescovo
1549 2726 1752 2758 di'Palestina,
1771 2725 1874 2758 giaochd

75 2773 82 2780 “
104 2774 180 2800 anni
197 2781 252 2799 non
268 2774 355 2806 figura
371 2773 443 2799 mlta
460 2773 524 2798 serie
544 2773 586 2798 dei
604 2773 703 2798 vescovi
722 2773 751 2798 di
771 2773 891 2798 Preneste
906 2786 937 2791 -
952 2779 995 2799 21.
1013 2773 1093 2798 Forse
1105 2772 1130 2796 si
1144 2773 1203 2797 deve
1217 2771 1312 2803 leggere
1325 2774 1464 2801 auctores,
1475 2770 1529 2795 εἰσὶ
1542 2770 1563 2795 il
1576 2777 1647 2803 papa
1659 2777 1672 2794 e
1686 2769 1877 2801 l'imperatore

58 2847 61 2851 ι
101 2816 143 2842 28.
161 2818 359 2851 praeparantes
377 2815 416 2845 R;
434 2815 456 2841 ¹¹1
472 2816 553 2841 sassr
571 2818 688 2847 propone
705 2817 885 2848 perpetrante
905 2829 937 2834 -
956 2821 998 2847 33.
1019 2815 1235 2839 decumanorum
1254 2821 1349 2838 manca
1366 2813 1410 2838 nei
1427 2814 1501 2838 codd.
1519 2812 1544 2836 R
1561 2819 1574 2837 a
1594 2812 1629 2844 N,
1645 2813 1741 2836 mentre
1759 2810 1790 2835 in
1810 2810 1839 2834 H
1862 2809 1876 2834 ὲ

46 2876 49 2880 -
70 2871 74 2876 »
95 2858 137 2884 'uo
154 2858 186 2884 in
203 2858 322 2890 margine

135 2946 144 2963 ¹
162 2947 174 2972 1
193 2948 325 2972 Milanesi
344 2949 528 2980 riportarono
547 2947 666 2972 vittoria
686 2947 728 2971 sui
746 2947 847 2971 Pavesi
861 2946 883 2970 11
900 2953 931 2978 23
1075 2944 1087 2962 ³
1105 2944 1152 2970 Cf.
1170 2951 1254 2977 sopra
1272 2952 1299 2969 n.
1319 2949 1363 2977 55.
1904 2948 1937 2966 ιο

47 2988 54 3006 f
67 2986 160 3020 lugno
178 2995 255 3022 ¹¹3²·
1077 2986 1089 3002 ⁴
1108 2987 1251 3012 Litisredo
1271 2994 1343 3011 vesc.
1363 2987 1392 3011 di
1411 2986 1525 3010 Novata
1543 2984 1683 3017 (1122-51)
1701 2991 1716 3009 e
1731 2983 1872 3013 Robaldo‚

133 3029 146 3047 ²
163 3029 234 3056 Cioe
252 3030 295 3063 gli
315 3030 410 3055 Ebrei.
990 3030 1081 3063 prima
1101 3037 1173 3054 vesc.
1192 3029 1222 3054 dl
1235 3029 1310 3053 Alba
1328 3029 1354 3061 (1
1362 3028 1471 3061 ¹²4-35)
1490 3029 1539 3060 poi
1560 3028 1647 3052 arciv.
1666 3027 1695 3051 di
1714 3026 1835 3051 Milano.
