2288 3476
185 257 379 290 uos-1112]
635 247 887 285 HISTORIA
914 246 1343 284 MEDIOLANENSIS
1859 247 1903 280 21

67 325 134 334 ι’...
135 324 1911 333 ...............................................................................................................................................................................................

13 422 15 429 y
74 389 193 416 aucte
216 382 340 422 Made,
364 387 399 414 et
416 382 459 414 de
483 380 614 414 ossibus
636 389 834 414 sanctorum
857 380 952 413 Casti
969 386 1003 412 et
1024 379 1170 417 polimii,
1185 380 1221 411 in
1245 379 1395 412 ecclesie
1418 385 1539 412 sancte
1562 378 1674 411 Marie
1698 389 1765 421 que
1783 378 1911 411 dicitur

13 444 14 465 ³
68 435 124 470 aad
147 435 297 469 Portam.
345 435 569 477 Quapropter
599 445 669 467 non
691 434 801 466 solum
824 434 859 466 in
883 445 925 466 ea
948 434 1017 472 die,
1040 433 1103 466 sed
1127 433 1231 465 etiam
1255 432 1298 465 ab
1323 443 1364 465 ea
1387 433 1446 464 die
1470 438 1505 464 et
1529 432 1698 475 deinceps
1721 432 1835 464 factus
1858 438 1911 465 est

74 500 76 502 ·
91 488 233 533 bijugis
248 494 283 521 et
306 488 454 521 celebris
476 494 510 520 et
533 486 746 520 admirabilis
769 497 958 519 concursus
980 486 1094 529 plebis
1117 487 1294 529 utriusque
1318 496 1430 525 sexus,
1453 486 1561 518 Deum
1586 485 1854 528 glorificantium
1877 491 1911 517 et

121 541 381 585 guffieanfium,
404 541 497 584 quod
513 541 580 573 hoc
596 545 750 582 tempore
767 541 854 573 tales
869 539 968 572 nobis
982 538 1162 572 thesauros
1177 550 1238 571 sua
1254 539 1466 583 benignitate
1483 538 1639 571 revelare
1663 539 1823 582 dignatus
1846 544 1910 576 est;

73 604 222 639 quorum
245 594 441 636 patrocinia
464 604 534 626 non
550 593 660 626 solum
682 599 809 631 nostre,
825 594 888 625 sed
904 593 1007 625 etiam
1030 593 1190 624 universe
1215 592 1347 624 diocesi
1363 593 1437 636 ejus
1460 602 1523 634 per
1541 592 1605 624 Dei
1627 590 1910 629 misericordiam,

75 647 330 693 protectionem
346 653 380 679 et
394 647 540 680 salutem
556 647 707 679 futuram
724 656 799 678 esse
815 656 1002 688 speramus.
1050 647 1155 678 Facta
1172 651 1223 678 est
1240 646 1343 678 etiam
1360 645 1534 689 generalis
1549 646 1724 688 processio
1740 646 1785 677 ad
1801 646 1911 677 hono-

64 726 81 743 .*
118 711 151 733 m
174 700 240 732 Dei
263 706 298 733 et
319 700 499 733 salvatoris
522 701 629 732 nostri
652 706 720 732 tam
743 699 876 743 ingens,
892 706 960 731 tam
985 698 1172 741 solempnis
1187 705 1221 731 et
1236 705 1305 730 tam
1322 698 1543 737 admirabilis,
1566 699 1703 741 qualem
1726 708 1910 741 numquam

67 758 172 787 retro
188 758 268 785 ante
285 759 440 795 tempora
456 753 511 785 vel
527 753 674 785 vidimus
690 752 746 784 vel
763 752 980 784 meminimus
1003 752 1141 784 factam.
1189 750 1245 783 Ad
1261 752 1352 783 hanc
1368 751 1472 793 igitur
1495 752 1772 793 solempnitatem
1797 762 1910 783 annue

63 816 198 840 omnes
212 806 332 849 populi
349 807 474 839 devote
492 806 697 843 concurrite,
713 811 782 838 tam
797 806 960 837 mentium
977 806 1161 837 securitate
1179 815 1282 847 quam
1306 814 1490 846 corporum
1513 804 1680 848 obsequio
1696 804 1803 836 nichil
1818 805 1909 836 hesi-

58 856 200 908 stantes,
232 860 388 902 depromi
419 859 792 902 magnificentissimam
822 859 1142 890 remunerationem.
1191 857 1332 896 Quanta
1363 857 1454 890 enim
1486 859 1593 891 virtus
1623 863 1818 891 sanctorum
1849 863 1911 895 est,

74 918 174 947 tanta
195 914 286 946 salus
314 913 512 946 occurrenti
543 912 681 955 populo.
728 911 865 944 Titulus
896 918 1010 944 autem
1033 917 1067 943 et
1097 922 1224 944 nomen
1247 911 1320 954 ejus
1350 911 1475 943 eximie
1505 911 1704 944 festivitatis
1728 917 1779 943 est
1801 911 1914 943 sancti

53 982 62 993 v
78 966 278 1000 Salvatoris.
325 966 507 998 Terminus
538 972 651 998 autem
675 965 776 1009 hujus
807 964 1052 998 celebrationis
1083 970 1134 997 est
1161 964 1177 998 7
1201 963 1277 996 idus
1305 965 1412 996 maiis.
1460 964 1637 1007 Rogamus
1666 964 1769 997 etiam
1792 975 1853 996 vos
1877 969 1912 997 et

66 1020 264 1053 secundum
288 1024 453 1052 statutum
477 1019 627 1052 ecclesie
643 1025 760 1051 nostre
783 1018 927 1061 singulis
942 1023 977 1050 et
994 1018 1152 1050 omnibus
1174 1017 1397 1060 precipimus,
1411 1023 1449 1049 ut
1465 1017 1502 1049 in
1519 1017 1575 1049 die
1591 1018 1692 1062 hujus
1715 1017 1912 1050 festivitatis

68 1074 124 1107 ‘ad
145 1073 311 1106 honorem
335 1073 401 1104 Dei
425 1079 460 1105 et
481 1072 661 1105 salvatoris
685 1072 792 1104 nostri
816 1071 860 1104 ab
884 1072 977 1103 omni
993 1081 1100 1113 opere
1125 1071 1249 1103 servile
1265 1070 1393 1103 vacetis
1416 1077 1450 1102 et
1473 1070 1671 1103 abstineatis
1687 1077 1860 1114 tamquam
1877 1070 1911 1102 in

57 1126 135 1159 ”die
157 1125 419 1159 resurrectionis
441 1131 475 1158 et
498 1125 685 1157 nativitatis
709 1124 838 1157 domini
861 1124 969 1156 nostri
992 1123 1089 1156 Yesu
1112 1123 1253 1156 Christi.
1301 1121 1381 1160 Quo
1398 1123 1499 1155 etiam
1517 1123 1572 1155 die
1590 1124 1635 1156 ad
1658 1123 1913 1166 frequentatio-

55 1181 157 1212 ἶιιοῐιι
180 1179 281 1223 hujus
304 1178 556 1221 solempnitatis
577 1183 739 1210 statutum
763 1182 815 1209 est
837 1176 959 1209 anuale
984 1182 1018 1209 et
1045 1182 1250 1214 mercatum;
1277 1183 1311 1208 et
1334 1176 1491 1209 omnibus
1515 1176 1730 1209 venientibus
1753 1177 1797 1208 ad
1821 1177 1911 1208 hanc

44 1240 48 1244 ’
78 1232 364 1275 solempnitatem,
389 1231 445 1263 vel
461 1242 565 1264 causa
588 1231 751 1263 orationis
773 1231 829 1263 vel
853 1240 957 1262 causa
980 1230 1169 1267 mercandi,
1194 1235 1228 1262 et
1250 1228 1475 1262 redeuntibus
1502 1229 1652 1262 stabilita
1674 1236 1726 1262 est
1748 1229 1792 1262 ab
1816 1229 1910 1262 omni

79 1285 222 1318 civitate
245 1285 341 1316 firma
364 1289 399 1317 et
420 1283 630 1316 inviolabilis
653 1283 784 1315 trevia¹
810 1290 891 1316 octo
916 1283 991 1315 dies
1007 1288 1086 1315 ante
1110 1283 1248 1321 festum,
1266 1288 1300 1314 et
1316 1288 1395 1315 octo
1413 1282 1488 1315 dies
1503 1289 1580 1325 post
1595 1283 1729 1315 testum.
1777 1283 1912 1322 Quodsi

80 1338 157 1382 quis
171 1338 270 1382 hujus
284 1337 395 1370 trevie
412 1337 560 1370 violator
575 1336 738 1374 extiterit,
762 1336 1036 1380 indignationem
1051 1335 1116 1367 Dei
1132 1346 1201 1368 non
1217 1335 1361 1379 effugiet
1378 1341 1410 1368 et
1426 1336 1513 1367 iram
1529 1335 1631 1368 totius
1648 1336 1796 1368 civitatis
1812 1346 1915 1378 super

53 1426 55 1430 ,
78 1403 114 1425 se
132 1397 167 1424 et
181 1402 284 1434 super
299 1401 361 1424 sua
375 1391 467 1423 bona
482 1390 681 1434 gravissime
704 1390 937 1423 indubitanter
959 1389 1104 1421 incuret.
1151 1389 1355 1428 Toloneum,
1372 1389 1465 1432 quod
1481 1389 1585 1433 vulgo
1603 1390 1737 1422 turadia
1750 1389 1761 1406 ²
1786 1390 1914 1422 dicitur

77 1445 150 1478 sive
173 1445 428 1488 portenaticum
450 1443 489 1476 in
512 1443 576 1475 hiis
598 1444 745 1486 prefatis
775 1443 897 1476 diebus
919 1443 1006 1476 nulli
1036 1443 1138 1475 modo
1161 1443 1311 1475 tolletur.
1357 1442 1406 1475 Ut
1428 1448 1540 1475 autem
1563 1443 1672 1486 magis
1694 1443 1737 1475 sit
1764 1443 1913 1475 autenti-

37 1514 52 1538 5
80 1509 158 1532 cum
181 1504 217 1532 et
239 1498 334 1531 nulla
356 1508 506 1541 unquam
530 1497 704 1530 oblivione
728 1497 895 1535 deleatur,
921 1498 1014 1540 quod
1036 1497 1111 1529 Deo
1126 1497 1317 1539 inspirante
1341 1497 1387 1529 ad
1410 1497 1575 1529 honorem
1592 1497 1660 1528 Dei
1684 1502 1718 1528 et
1734 1497 1914 1530 salvatoris

53 1591 55 1593 ,
79 1552 186 1586 nostri
210 1552 437 1589 decrevimus,
459 1562 522 1594 per
545 1551 698 1594 singulas
721 1550 841 1593 plebes
864 1550 1017 1594 singulas
1038 1550 1200 1592 epistulas
1216 1550 1250 1582 in
1266 1549 1430 1583 audentia
1455 1550 1608 1582 omnium
1630 1549 1855 1583 habitantium
1879 1551 1914 1582 in

51 1619 54 1623 ’
81 1606 131 1639 eis
153 1606 215 1638 has
230 1606 364 1638 litteras
378 1604 495 1648 legere
513 1610 547 1636 et
562 1614 690 1646 ponere
713 1605 886 1642 studeant,
903 1610 939 1636 et
953 1604 988 1636 in
1005 1603 1200 1646 martilogio
1213 1603 1225 1620 ³
1249 1604 1317 1635 hoc
1333 1604 1458 1636 festum
1475 1603 1641 1641 scribam
1666 1610 1834 1646 quatenus
1850 1614 1914 1646 per

46 1678 48 1683 -
79 1659 233 1704 singulos
256 1668 364 1690 annos
387 1663 422 1690 et
443 1667 508 1700 per
530 1657 681 1700 singulas
704 1655 959 1700 generationes'
985 1657 1070 1688 istos
1092 1656 1167 1688 dies
1190 1656 1284 1689 nulla
1306 1655 1421 1688 deleat
1444 1656 1586 1694 oblivio,
1609 1657 1672 1689 sed
1688 1663 1858 1699 perpetuo
1881 1662 1916 1689 et

79 1711 304 1754 solempniter
327 1710 523 1743 honoretur.
570 1710 646 1742 Hec
669 1715 784 1742 autem
808 1710 955 1752 epistola
977 1709 1012 1741 in
1035 1709 1217 1751 scripturis
1240 1709 1388 1742 ecclesie
1411 1708 1601 1753 diligenter
1623 1716 1659 1742 et
1680 1719 1817 1752 semper
1840 1720 1911 1741 ser-

80 1770 180 1797 vetur
196 1764 309 1797 valde.
355 1763 492 1796 Inventi
508 1769 621 1795 autem
637 1769 715 1796 sunt
729 1763 879 1806 predicti
901 1763 1065 1800 thesauri,
1089 1763 1224 1795 scilicet
1247 1762 1408 1806 reliquie:
1433 1775 1513 1805 pars
1536 1763 1579 1796 de
1603 1762 1742 1795 sudario
1764 1763 1914 1802 Domini,

47 1843 50 1846 .
78 1824 112 1851 et
135 1820 179 1851 de
203 1818 360 1862 syndone
385 1817 466 1859 eius,
492 1823 527 1849 et
550 1817 592 1850 de
617 1816 732 1858 lapide
755 1817 1000 1859 suprascripto,
1026 1822 1060 1849 et
1084 1817 1127 1849 de
1150 1816 1245 1860 ligno
1267 1817 1512 1859 suprascripto,
1536 1822 1572 1849 et
1594 1818 1637 1849 de
1659 1816 1913 1859 suprascriptis,

48 1911 53 1914 ,
80 1882 170 1905 anno
186 1871 326 1904 Domini
345 1870 426 1902 1105
454 1870 470 1906 7
494 1871 572 1903 idus
587 1870 667 1902 maii
683 1870 717 1902 in
734 1870 876 1903 civitate
900 1870 1151 1902 Mediolanensi
1167 1870 1202 1901 in
1218 1876 1320 1912 porta
1335 1869 1544 1908 Vercelliua,
1562 1870 1596 1902 in
1613 1869 1762 1903 ecclesia
1785 1870 1913 1903 Sancte

48 1936 56 1960 ¹,
82 1925 205 1964 Marie,
228 1936 295 1968 que
320 1924 447 1956 dicitur
471 1923 516 1956 ad
538 1923 688 1955 Portam.
735 1924 888 1956 Fuerunt
920 1929 1033 1955 autem
1058 1922 1206 1965 predicti
1230 1923 1341 1955 sancti
1364 1923 1580 1955 confessores
1602 1923 1724 1956 Castus
1747 1929 1782 1956 et
1805 1923 1913 1955 Polli-

80 1979 166 2012 mius
189 1979 358 2011 diacones
380 1977 491 2010 sancti
515 1977 705 2014 Ambrosii;
731 1987 875 2020 quorum
899 1987 1044 2018 corpora
1068 1977 1188 2021 jacent
1204 1978 1239 2008 in
1257 1977 1407 2010 ecclesia
1430 1977 1542 2009 sancti
1565 1977 1717 2009 Victoris
1732 1978 1778 2010 ad
1794 1977 1914 2010 Celum

80 2042 221 2065 aureum
231 2034 254 2069 ⁴,
278 2041 345 2074 que
368 2040 459 2063 nunc
476 2029 603 2062 dicitur
625 2030 775 2062 ecclesia
797 2030 908 2062 sancti
932 2029 1046 2068 Satiri‚
1062 2031 1126 2062 sita
1140 2030 1235 2062 iuxta
1251 2030 1435 2062 ecclesiam
1451 2029 1561 2062 sancti
1577 2029 1753 2062 Ambrosii
1777 2030 1913 2072 requie-

22 2085 54 2131 ὁ]
79 2091 189 2118 scunt.
235 2085 275 2117 In
298 2085 459 2127 predicto
476 2089 586 2116 autem
606 2083 695 2115 festo
712 2083 756 2115 ab
773 2083 923 2115 ecclesia
940 2083 1049 2115 estiva
1065 2094 1173 2126 usque
1190 2083 1234 2115 ad
1252 2083 1443 2124 predictam
1466 2083 1652 2115 ecclesiam
1668 2089 1785 2116 sancte
1801 2083 1914 2116 Marie

20 2133 38 2179 ’ς
80 2138 126 2171 ad
150 2136 290 2170 Portam
320 2136 487 2170 ordinarii
511 2135 749 2169 ebdomadarii
772 2146 850 2168 cum
874 2135 949 2168 aliis
972 2135 1227 2169 ebdomadariis
1250 2135 1522 2169 Mediolanensis
1546 2136 1693 2169 ecclesie
1717 2136 1912 2179 processio-

82 2191 207 2223 naliter
230 2191 363 2223 vadunt
384 2200 533 2233 semper,
556 2188 824 2231 precedentibus
847 2189 970 2221 vicinis
994 2195 1028 2221 et
1043 2190 1265 2231 parochianis
1279 2190 1387 2232 ipsius
1403 2189 1551 2222 ecclesie
1566 2195 1684 2222 sancte
1709 2189 1819 2222 Marie
1837 2201 1915 2222 cum

79 2243 248 2277 viridibus
263 2243 441 2276 frondibus
455 2249 490 2275 et
505 2244 608 2275 ramis
623 2241 796 2281 arborum,
813 2243 968 2274 candelis
985 2243 1143 2275 accensis
1160 2243 1293 2285 aligatis
1306 2243 1446 2283 eisdem,
1465 2248 1499 2275 et
1515 2243 1748 2276 cantantibus:
1766 2243 1780 2259 ‘⁶
1797 2243 1915 2287 Agios,

81 2295 97 2314 “
112 2297 265 2341 Agios„.
311 2297 461 2339 Propter
483 2297 578 2339 quod
594 2297 720 2329 dicitur
745 2296 871 2327 festum
887 2296 931 2327 de
947 2296 1059 2339 aglom
1086 2296 1180 2337 quod
1196 2302 1248 2328 est
1272 2307 1397 2328 nomen
1422 2296 1496 2328 Dei.
1543 2295 1615 2334 Qui
1638 2296 1723 2328 dicti
1750 2296 1916 2328 ordinarii

77 2356 196 2393 postea
220 2350 399 2382 celebrant
421 2349 560 2382 missam
575 2349 611 2385 in
628 2349 779 2382 ecclesia
802 2355 921 2382 sancte
937 2348 1049 2381 Mar-ie
1066 2350 1111 2380 ad
1129 2349 1278 2381 Portam.
1325 2349 1398 2381 Deo
1423 2349 1562 2393 gratias.
1609 2349 1733 2382 Amen.
1779 2349 1917 2383 Ameu.'

26 2483 38 2487 „
168 2446 220 2480 35.
247 2465 288 2470 -
313 2447 416 2479 Nunc
433 2447 476 2478 ad
492 2447 705 2489 propositum
723 2447 840 2479 redeo.
886 2446 1062 2479 Presbiter
1077 2446 1285 2488 Liprandus,
1302 2447 1338 2478 in
1355 2457 1486 2478 summa
1501 2457 1562 2479 sua
1577 2453 1755 2479 senectute
1773 2447 1914 2489 positus,

16 2495 52 2549 ,5³⁵
82 2500 188 2533 michi
203 2501 265 2533 ait:
298 2502 311 2517 ¹⁴
326 2500 439 2533 Video
455 2506 489 2532 te
507 2500 752 2542 aliquantulum
775 2511 879 2542 super
895 2507 948 2532 me
964 2499 1170 2532 erubescere
1187 2505 1335 2542 propter
1352 2512 1403 2538 ea,
1420 2512 1487 2543 que
1503 2501 1670 2533 adversus
1687 2500 1914 2533 Grosulanum

85 2556 101 2572 “
115 2553 185 2586 dixi
211 2561 245 2586 et
268 2553 348 2586 feci.
397 2553 468 2586 Sed
490 2559 527 2585 ut
550 2553 660 2584 minus
682 2553 764 2586 inde
788 2553 982 2591 erubescas,
1005 2564 1086 2585 vere
1111 2553 1190 2585 dico
1206 2552 1285 2590 tibi,
1302 2554 1396 2596 quod
1413 2563 1479 2596 ego
1495 2554 1588 2585 illam
1612 2564 1748 2586 causam
1776 2565 1916 2586 reservo

34 2598 36 2602 ’
87 2607 190 2640 “solli
213 2607 288 2640 Deo
311 2606 551 2649 omnipotenti,
567 2611 601 2638 et
617 2607 696 2638 dum
712 2606 818 2639 michi
841 2612 998 2649 superest
1021 2606 1171 2648 spiritus„
1194 2607 1338 2639 multum
1361 2607 1523 2640 desidero
1548 2607 1648 2650 hujus
1669 2608 1788 2640 mondi
1811 2608 1915 2640 vitam

171 2727 216 2752 39.
235 2718 337 2744 XXIII.
356 2718 513 2750 Liprandus
532 2719 662 2742 ammonet
679 2717 844 2748 Landulfum
863 2717 1030 2749 hystoricum,
1048 2719 1078 2742 ut
1096 2725 1113 2742 a
1131 2717 1366 2743 communicatione
1384 2718 1501 2750 jordani
1519 2718 1648 2743 abstineat

172 2808 198 2834 6.
216 2805 352 2838 futuram]
372 2806 394 2832 il
411 2807 464 2832 cod.
477 2807 502 2831 R
515 2806 642 2838 aggiungc
660 2807 746 2832 etlam
760 2820 793 2824 —
815 2813 854 2831 10.
868 2806 1008 2840 depromi]
1025 2807 1144 2841 deprimi
1164 2807 1208 2832 nei
1227 2806 1297 2832 codd.
1319 2821 1352 2826 -
1371 2814 1413 2832 20.
1432 2807 1604 2839 Toloneum]
1625 2807 1766 2832 Coloeum
1784 2808 1828 2833 nei
1846 2808 1919 2833 codd.

172 2905 178 2921 ¹
199 2904 270 2930 Cioe
290 2907 388 2938 tregua,
407 2906 443 2930 cs.
462 2905 510 2930 Du
529 2905 642 2933 Canen,
662 2903 836 2929 Glossarium.
1026 2905 1096 2930 veda
1116 2906 1205 2930 anche
1223 2904 1372 2931 GALvAuo
1391 2906 1528 2936 FmMMA,
1553 2905 1649 2930 Chron.
1674 2905 1759 2935 Mai.,
1779 2914 1838 2938 cap.
1859 2912 1919 2938 227.

33 2976 37 2983 .
169 2946 180 2963 ²
198 2947 228 2972 Si
247 2948 347 2972 dlceva
361 2947 448 2972 anche
461 2946 580 2972 cafadia.
605 2947 724 2971 Doveva
737 2954 828 2971 essere
839 2952 896 2971 una
909 2954 971 2979 spe·
1113 2946 1124 2962 3
1143 2946 1214 2972 Οἰοὲ
1234 2948 1447 2981 Martirologlm

35 3013 37 3015 .
82 2990 125 3015 cle
143 2990 172 3015 dl
192 2991 331 3023 pedaggio
351 2990 386 3014 da
405 2990 518 3022 pagarsi
544 2990 787 3014 all’arcivescovo.
825 2990 866 3014 Ne
890 2989 971 3022 paria
1112 2987 1122 3005 ⁴
1148 2989 1194 3014 Cf.
1223 2990 1391 3019 Pumcnmu,
1418 2989 1539 3015 Ambra&
1564 2990 1675 3015 Mediol.
1700 2990 1791 3016 Basil.
1818 2991 1917 3016 Monu-

34 3026 36 3029 ’
84 3039 100 3056 ι
118 3032 206 3064 lungo
224 3031 246 3056 ll
267 3032 433 3062 Punicum,
453 3031 574 3061 Dissert„
592 3031 660 3056 Naz.
679 3039 738 3064 cap.
758 3038 801 3064 95,
826 3039 852 3055 n.
879 3037 904 3062 7.
939 3031 969 3056 Sl
1024 3032 1119 3061 menta,
1140 3039 1166 3056 u.
1187 3038 1246 3064 304.

1999 1668 2019 1683 c.
2033 1663 2081 1687 tur

1978 2458 2052 2481 Mun..
2068 2463 2108 2483 ⁴9⁴

1949 3038 1981 3056 10
