2288 3476
761 290 996 327 EPITOME
1023 286 1357 326 POLIRONESE
1906 284 1974 320 125

136 361 1973 375 ....................................................................................................................................................................................................

135 426 177 448 ea
199 415 357 449 hilariter
378 421 458 448 sunt
481 414 643 456 suscepti,
665 420 701 446 et
723 414 858 457 magnis
879 412 1063 458 gratificati
1087 412 1296 451 muneribus,
1320 411 1366 445 ad
1388 411 1632 453 imperatorem
1663 410 1806 442 tandem
1828 412 1982 441 reverte-

135 474 226 501 runt.
272 467 398 501 Statim
413 467 600 510 imperator
617 467 811 499 coadunato
827 466 983 499 exercitu
999 465 1246 498 Lombardiam
1261 464 1414 502 intravit,
1438 469 1473 496 et
1488 463 1647 496 civitates
1669 472 1710 495 ac
1735 467 1849 494 castra
1872 461 1980 503 depo-

135 520 283 564 pulatus,
300 526 446 554 cunctos
462 520 533 552 eius
549 521 600 552 ira
615 520 831 553 Lombardos
846 519 1042 562 perterruit.
1088 519 1181 551 Inter
1197 519 1260 550 has
1275 518 1432 551 civitates
1455 527 1533 550 cum
1557 516 1710 549 Novaria
1733 515 1769 548 in
1791 514 1979 547 rebellione

51 611 63 620 ,
134 573 346 617 persisteret,
370 584 412 606 ea
436 583 613 612 suscensa,
636 583 751 605 muros
775 573 849 604 eius
880 572 997 611 dimit,
1029 572 1238 615 multamque
1263 571 1345 603 inde
1376 571 1449 603 auri
1474 576 1508 603 et
1538 570 1674 614 argenti
1703 567 1980 611 suppellectilem

27 639 63 673 ,ῃ
92 626 111 660 5
135 627 337 670 asportavit:
361 626 435 659 sola
458 626 579 658 civitas
603 626 792 658 Mediolani
817 625 1018 668 imperatori
1042 635 1112 658 non
1136 624 1387 667 obtemperavit
1410 625 1454 656 ad
1477 629 1604 657 votum.
1651 623 1807 665 Cumque
1837 626 1981 664 propter

58 678 60 687 ³
131 679 360 713 huiusmodi
349 679 547 712 invasiones
563 679 746 712 Comitissa
763 679 1004 721 imperatorem
1022 678 1165 711 haberet
1181 688 1335 716 exosum,
1352 678 1519 721 flagrabat
1543 687 1620 710 cum
1637 688 1679 709 ea
1694 686 1817 718 pacem
1842 674 1982 708 habere

136 733 327 776 imperator
348 732 569 765 nihilominus
592 743 701 775 usque
733 733 777 764 ad
809 732 917 764 Thari
940 732 1052 774 ripam
1077 733 1185 764 venit:
1210 731 1392 764 Comitissa
1415 741 1498 763 vero
1522 742 1542 762 a
1573 730 1726 763 Canossa
1755 728 1982 761 Bibianellum

135 786 299 830 perrexit.
346 786 505 819 Tandem
528 785 618 817 inter
641 795 720 817 eam
742 791 775 817 et
798 784 1045 827 imperatorem
1076 784 1182 828 legati
1212 784 1319 817 multo
1350 784 1469 817 habito
1493 789 1655 821 tractatu,
1684 792 1808 825 pacem
1831 787 1984 814 mutuam

51 877 53 883 ¹
135 839 393 877 confirmarunt,
416 849 520 882 quam
543 849 579 870 se
602 844 814 870 servaturam
844 838 1026 871 Comitissa
1056 838 1255 880 spopondit,
1287 838 1447 870 Romane
1480 838 1657 870 dumtaxat
1687 835 1849 868 Ecclesie
1873 834 1986 867 fideli-

50 885 57 896 ’
64 892 112 926 10
134 898 204 926 tate
227 897 375 925 servata.
421 891 485 923 His
507 891 658 933 peractis
682 890 870 951 imperator
892 901 954 933 per
977 890 1133 923 Montem
1164 891 1336 922 Burdonis
1364 890 1525 923 transivit
1547 891 1584 922 in
1614 890 1788 928 Tusciam,
1813 889 1857 921 de
1889 887 1986 931 cujus

135 946 287 979 adventu
309 944 419 977 Tusci
441 943 656 986 trepidantes
679 943 711 975 ei
735 943 863 976 tributa
886 944 1099 986 persolvunt.
1144 943 1321 975 Florentie
1340 943 1465 975 Natale
1482 943 1622 975 Domini
1639 942 1846 980 celebravit3
1864 941 1984 974 urbem

134 997 315 1032 Aretinam
337 997 460 1031 fractis
483 997 589 1030 muris
613 997 827 1039 consumpsit
841 997 1016 1029 incendio.
1055 996 1210 1029 Veniens
1227 997 1365 1028 tandem
1389 996 1539 1029 Romam
1556 1002 1679 1039 quarto
1694 996 1776 1029 Idus
1792 994 1986 1032 Februarii,

135 1062 155 1085 a
177 1063 280 1095 papa,
303 1058 339 1085 et
362 1051 466 1090 clero,
490 1061 532 1083 ac
555 1050 684 1093 populo
707 1050 853 1082 solemni
884 1050 1108 1092 processione
1139 1050 1336 1091 suscipitur.
1382 1050 1518 1082 Intrans
1540 1060 1624 1082 vero
1656 1049 1749 1082 beati
1771 1048 1868 1081 Petri
1896 1047 1986 1080 basi-

34 1143 49 1153 .<
135 1105 238 1138 licam
261 1111 295 1138 et
317 1105 363 1138 ad
386 1104 566 1137 universos
588 1104 757 1137 scalarum
787 1104 916 1147 gradus
937 1114 1050 1148 genua
1074 1103 1218 1135 flectens
1240 1108 1320 1135 ante
1344 1103 1452 1135 altare
1477 1104 1522 1135 ad
1545 1103 1641 1145 pacis
1673 1103 1828 1135 osculum
1854 1113 1873 1134 a
1896 1112 1988 1144 papa

31 1151 48 1203 fs
74 1158 112 1192 15
136 1158 328 1202 suscipitur,
359 1157 565 1202 promittens
588 1157 620 1189 ei
650 1156 817 1189 ecclesias
840 1156 906 1188 Dei
938 1167 1008 1189 non
1038 1156 1269 1194 venditurum,
1294 1166 1360 1189 nec
1384 1156 1606 1188 investituras
1637 1157 1810 1188 facturum
1835 1155 1899 1188 nisi
1923 1166 1988 1198 per

132 1223 224 1256 pape
247 1212 433 1245 licentiam.
479 1210 634 1254 Cumque
658 1221 749 1253 papa
773 1210 818 1243 ad
834 1210 1071 1242 coronandum
1094 1219 1172 1242 eum
1196 1220 1232 1241 se
1256 1215 1405 1251 pararet,
1422 1209 1568 1252 perfidie
1593 1220 1710 1242 semen
1735 1209 1868 1241 emulus
1890 1208 1988 1251 pacis

135 1265 265 1303 iniecit,
286 1265 512 1308 propositum,
540 1270 574 1296 et
595 1263 798 1306 promissum
829 1263 1048 1305 imperatoris
1078 1269 1223 1295 mutans.
1272 1262 1360 1295 Nam
1385 1263 1485 1305 petiit
1508 1274 1527 1294 a
1551 1274 1644 1305 papa
1673 1262 1740 1294 sibi
1763 1263 1816 1295 ius
1839 1261 1988 1295 concedi

136 1319 172 1352 in
203 1318 328 1352 dandis
358 1317 615 1361 episcopatibus
645 1323 679 1349 et
702 1317 850 1349 abbatiis
880 1327 941 1360 per
965 1316 1094 1360 virgam
1126 1321 1161 1348 et
1183 1316 1358 1354 annulum,
1382 1315 1673 1359 quemadmodum
1705 1317 1756 1348 sui
1783 1315 1989 1358 praedeces-

137 1381 234 1406 sores
255 1372 424 1404 hactenus
445 1371 673 1404 contulerunt.
720 1370 827 1409 Quod
858 1370 939 1402 dum
971 1381 1062 1412 papa
1088 1375 1259 1407 renueret,
1291 1369 1400 1412 ipsum
1431 1370 1620 1412 imperator
1652 1380 1729 1401 cum
1759 1368 1923 1411 praelatis
1954 1374 1988 1400 et

35 1426 37 1431 ’
58 1422 116 1459 ’20
139 1425 234 1458 omni
257 1424 352 1458 curia
376 1423 576 1467 captivavit.
622 1423 719 1456 Inter
741 1433 827 1466 quos
849 1423 915 1455 fuit
937 1421 1133 1455 Bernartius
1163 1422 1359 1454 Parmensis
1389 1422 1585 1464 episcopus,
1617 1428 1651 1454 et
1673 1420 1801 1454 Senior
1830 1421 1991 1465 Reginus

29 1476 31 1478 ’
139 1478 335 1521 episcopus.
381 1476 450 1510 Pro
481 1476 604 1520 quibus
634 1476 817 1519 episcopis,
849 1482 883 1509 et
915 1476 1060 1508 caeteris
1091 1475 1297 1508 Lombardis
1329 1475 1485 1518 captivis,
1518 1476 1571 1507 vir
1602 1475 1726 1507 nobilis
1758 1480 1792 1506 et
1823 1475 1989 1517 eloquens

139 1530 315 1564 Arduinus
337 1531 520 1564 Comitisse
543 1530 677 1574 legatus
699 1530 941 1572 imperatorem
965 1529 1164 1572 alloquitur,
1188 1535 1222 1561 et
1245 1529 1341 1571 pacis
1364 1535 1504 1571 pactum
1528 1538 1811 1566 commemorans,
1834 1527 1990 1560 libertati

146 1584 266 1619 donati
282 1591 370 1617 sunt.
408 1584 601 1627 Imperator
614 1583 755 1616 tandem
772 1583 818 1616 ad
834 1593 896 1615 cor
917 1583 1059 1615 rediens
1081 1588 1116 1614 et
1131 1583 1249 1615 futura
1265 1582 1419 1625 pericula
1433 1588 1601 1622 metuens,
1616 1592 1742 1624 papam
1759 1587 1793 1613 et
1816 1581 1990 1623 praelatos

141 1637 318 1676 relaxavit,
350 1643 385 1670 et
413 1647 501 1680 pace
533 1647 611 1669 cum
643 1647 684 1669 eo
715 1636 821 1675 facta,
852 1636 896 1669 ab
927 1636 1001 1679 ipso
1032 1635 1245 1678 imperialem
1283 1635 1566 1668 benedictionem
1598 1641 1634 1668 et
1664 1634 1799 1677 imperii
1830 1634 1991 1667 diadema

48 1690 116 1725 25
140 1691 305 1734 suscepit.
351 1691 590 1724 Investituram
614 1699 752 1733 quoque
775 1691 893 1734 virgae
917 1696 952 1723 et
975 1689 1068 1722 anuli
1098 1689 1164 1722 sibi
1196 1689 1369 1722 concessit
1393 1699 1483 1721 anno
1507 1689 1634 1722 Christi
1657 1687 1790 1721 MCXI.
1836 1688 1991 1720 Rediens

140 1745 245 1789 igitur
274 1745 464 1787 imperator
493 1743 737 1777 Lombardiam
768 1742 999 1776 Bibianellum
1022 1743 1130 1781 venit,
1162 1743 1220 1776 ubi
1250 1742 1432 1775 Comitissa
1455 1742 1640 1781 residebat,
1664 1747 1699 1774 et
1728 1741 1838 1774 tribus
1868 1740 1990 1774 diebus

143 1809 220 1832 cum
244 1807 286 1831 ea
308 1804 470 1836 moratus,
493 1797 637 1830 tandem
659 1797 695 1829 in
718 1796 935 1829 Alamaniam
959 1796 1127 1839 pervenit.

950 1934 1054 1968 CAP.
1077 1934 1175 1968 XVI.

481 2006 537 2039 De
558 2006 738 2040 rebellione
762 2007 914 2047 Alantue,
938 2010 972 2038 et
994 2005 1143 2048 qualiter
1164 2016 1200 2037 se
1222 2005 1447 2038 reddiderunt
1471 2005 1659 2038 Comitisse.

80 2106 123 2138 30
233 2105 321 2138 Cum
344 2110 458 2137 autem
485 2104 608 2137 eadem
638 2104 822 2137 Comitissa
851 2102 1032 2136 Mathildis
1055 2102 1174 2142 duces,
1205 2103 1395 2146 principes,
1427 2103 1573 2135 comites
1596 2108 1802 2145 superasset,
1834 2113 1876 2134 ac
1909 2101 1992 2134 civi-

146 2163 234 2191 tates
257 2164 291 2191 et
314 2157 446 2200 oppida
468 2157 533 2190 sibi
563 2156 704 2189 rebellia
733 2156 958 2194 subdidisset,
990 2156 1064 2188 sola
1095 2156 1239 2188 Mantua
1269 2167 1333 2198 per
1364 2166 1473 2188 annos
1495 2165 1589 2188 xxm
1620 2156 1657 2187 in
1687 2155 1879 2188 rebellione
1911 2165 1992 2197 per-

148 2211 283 2248 mansit,
314 2210 534 2253 imperatoris
563 2210 679 2243 edicta
701 2210 739 2242 in
769 2210 927 2242 favorem
958 2209 1143 2242 Comitisse
1174 2210 1223 2241 eis
1253 2209 1450 2241 transmissa
1478 2211 1617 2251 penitus
1640 2209 1868 2251 vilipendens.
1914 2208 1990 2240 Hac

146 2263 255 2307 igitur
287 2263 477 2310 rebellione
508 2263 665 2302 durante,
695 2263 893 2295 huiusmodi
925 2262 1133 2295 turbationis
1165 2262 1313 2295 civitatis
1343 2273 1443 2295 casus
1473 2261 1586 2294 eidem
1617 2262 1799 2295 Comitisse
1832 2261 1988 2298 emersit3

27 2351 45 2365 ἶ,
149 2326 226 2350 cum
250 2323 363 2350 autem
386 2316 423 2349 in
446 2315 568 2349 Monte
592 2315 759 2349 Baruntio
782 2316 965 2349 Comitissa
996 2321 1152 2348 maneret
1182 2315 1337 2359 graviter
1363 2316 1547 2355 infirmata,
1578 2316 1687 2348 fallax
1709 2316 1752 2347 de
1777 2316 1851 2347 eius
1882 2319 1991 2347 morte

25 2362 35 2413 Ϊ
83 2368 125 2403 35
149 2370 243 2403 fama
266 2369 453 2412 personuit.
498 2369 679 2402 Mantuani
701 2370 808 2413 igitur
832 2370 954 2412 gavisi,
979 2374 1014 2401 et
1036 2370 1164 2401 famam
1196 2369 1285 2401 hanc
1316 2368 1547 2412 divulgantes,
1579 2369 1758 2411 Ripaltam
1788 2369 1992 2401 Comitissae

44 2420 49 2429 “’
149 2429 299 2457 castrum
329 2423 433 2456 tertio
464 2423 508 2455 ab
530 2422 616 2455 urbe
646 2423 791 2456 Mantue
823 2423 971 2455 miliario
1003 2423 1135 2455 distans
1166 2423 1345 2455 invadunt.
1390 2422 1562 2455 Custodes
1593 2433 1677 2455 vero
1707 2422 1823 2460 castri,
1854 2428 1924 2454 tum
1947 2433 1992 2454 ex

148 2476 262 2510 subita
283 2477 474 2514 invasione,
497 2482 570 2509 tum
593 2487 637 2508 ex
659 2476 747 2509 falsa
771 2476 954 2509 Comitisse
977 2476 1071 2508 fama
1093 2476 1228 2518 prolata
1251 2476 1373 2509 timore
1397 2476 1503 2508 multo
1527 2477 1694 2518 percussi,
1719 2482 1867 2508 castrum
1890 2475 1991 2508 Man-

149 2530 261 2563 tuanis
283 2531 350 2563 hac
374 2530 573 2563 conditione
596 2530 834 2562 tradiderunt:
859 2535 898 2562 ut
920 2529 1095 2567 videlicet,
1120 2529 1147 2562 si
1171 2530 1306 2562 viveret
1328 2530 1520 2567 Comidssa,
1547 2536 1669 2562 contra
1700 2540 1775 2562 eam
1799 2529 1995 2562 nullatenus

148 2588 333 2616 teneretur.
358 2583 430 2616 Sed
446 2583 627 2615 Mantuani
642 2583 788 2625 perfidie
805 2582 888 2615 vitio
903 2583 1039 2626 repleti,
1054 2583 1174 2615 habito
1187 2583 1290 2615 castri
1304 2583 1467 2625 dominio,
1481 2584 1713 2615 decreverunt
1728 2583 1814 2615 illud
1829 2583 1993 2616 incendio

24 2632 37 2658 ⁵³
85 2637 128 2669 40
151 2636 330 2679 dissipare.
367 2636 504 2669 Interea
518 2635 728 2668 venerabilis
739 2635 945 2669 Manfredus
958 2636 1153 2678 Episcopus
1164 2635 1343 2668 Mantuam
1355 2637 1450 2669 venit
1465 2637 1622 2669 referens
1634 2636 1849 2669 Comitissam
1865 2637 1993 2668 vivere.

152 2687 259 2727 Quod
282 2689 427 2722 audiens
449 2689 596 2732 populus
618 2689 827 2722 Mantuanus
849 2689 899 2721 ira
922 2689 1100 2727 frendens,
1115 2688 1175 2721 vix
1191 2699 1311 2721 manus
1327 2689 1370 2722 ab
1392 2690 1468 2732 ipso
1485 2690 1666 2728 continuit,
1689 2689 1752 2722 sed
1767 2690 1905 2733 generis
1922 2689 1994 2722 eius

152 2742 312 2775 nobilitas
346 2752 463 2775 eorum
493 2742 658 2784 repressit
688 2742 879 2775 audaciam.
925 2742 1084 2776 Castrum
1117 2752 1199 2775 vero
1228 2742 1373 2785 Ripalte
1403 2743 1546 2775 flammis
1576 2749 1611 2782 et
1640 2743 1739 2774 ruine
1770 2742 1927 2781 traditur,
1959 2749 1993 2774 et

151 2806 215 2838 per
245 2805 396 2828 mensem
427 2795 508 2828 inde
539 2796 718 2828 Mantuam
748 2795 861 2837 spolia
896 2796 1115 2829 deferuntur.
1161 2796 1236 2828 Hec
1264 2802 1378 2828 autem
1409 2797 1526 2829 omnia
1552 2795 1772 2829 Comitissam
1805 2796 1992 2833 latuerunt3

152 2848 318 2881 nolebant
340 2849 431 2881 enim
454 2849 574 2881 fideles
596 2849 670 2880 eius
693 2848 890 2892 egritudine
913 2849 1085 2888 afflictam,
1117 2849 1184 2881 hoc
1215 2849 1401 2882 damnabili
1431 2859 1569 2881 rumore
1593 2849 1797 2881 contristari.
1845 2849 1996 2882 Sanitati

89 2901 130 2934 45
152 2902 293 2935 tandem
316 2901 484 2940 restituta,
509 2901 717 2944 cognitoque
741 2901 843 2944 quale
866 2901 931 2934 sibi
953 2902 1136 2934 Mantuani
1161 2903 1322 2935 damnum
1345 2902 1543 2938 intulerant,
1569 2901 1670 2934 dixit:
1695 2908 1831 2944 tempus
1860 2902 1994 2940 adesse,

32 2950 38 2959 '⁷
152 2956 248 2998 quod
269 2955 339 2987 suis
361 2961 437 2987 erat
461 2954 638 2988 demeritis
660 2954 806 2987 Mantua
836 2955 1077 2988 subvertenda.
1124 2955 1212 2988 Suos
1242 2956 1349 2999 igitur
1379 2956 1536 2988 hortatur
1565 2957 1611 2987 ad
1634 2955 1773 2994 bellum,
1798 2962 1832 2987 et
1863 2962 1995 2988 armata

154 3008 264 3041 classe
287 3009 333 3041 ad
355 3008 499 3041 Mantue
531 3007 746 3040 obsidionem
778 3009 988 3051 properavit.
1034 3008 1124 3040 Dum
1148 3014 1261 3041 autem
1285 3010 1400 3052 gravis
1429 3009 1639 3042 Mantuanos
1663 3014 1812 3042 arctaret
1844 3009 1995 3049 obsidio,

154 3071 280 3105 magno
303 3062 425 3094 timore
449 3060 656 3094 consternati
680 3059 902 3093 defensiones
925 3071 1044 3094 eorum
1069 3062 1106 3094 in
1129 3061 1282 3095 diversas
1313 3063 1451 3095 trahunt
1481 3062 1677 3094 sententias.
1725 3060 1879 3100 Quidam
1904 3063 1995 3096 enim
