2288 3476
302 280 315 315 l
326 282 372 315 24
923 280 1158 316 EPITOME
1185 282 1306 317 POLI
1312 282 1519 318 RONESE

292 413 381 435 anno
405 403 505 435 tertio
529 408 606 445 post
628 402 761 434 Urbani
786 402 966 435 decessum
991 408 1025 434 et
1049 402 1224 435 Florentie
1247 404 1436 445 sepellitur,
1460 404 1707 437 Postomodum
1739 405 1898 439 Ferrarie
1923 406 2050 439 civitas
2071 407 2140 440 Co-

291 456 417 488 mitisse
440 455 579 488 rebellis
603 455 756 488 efficitur.
803 455 933 487 Contra
956 465 1059 498 quam
1083 456 1233 489 adunato
1257 457 1412 490 exercitu
1443 469 1486 490 ex
1516 457 1642 490 Tuscis
1664 464 1697 491 et
1727 458 1932 492 Lombardis
1962 469 2004 492 ac
2036 460 2140 493 etiam

290 509 534 542 Ravennatum
558 514 594 540 et
617 508 830 541 Venetorum
856 508 964 540 classe
988 508 1137 542 collecta
1162 519 1237 542 eam
1263 509 1412 548 obsedit,
1429 511 1492 543 sed
1508 521 1596 553 pace
1620 511 1824 554 interposita
1840 513 1885 546 ad
1902 512 2007 546 fidem
2023 513 2136 546 rediit.

1102 629 1205 665 CAP.
1230 631 1327 664 XIV.

291 700 455 742 ,Qualiter
486 700 662 732 Comitz'ssa
691 701 841 732 abbatem
871 701 1090 733 Bernardum
1114 713 1135 733 α
1158 713 1297 734 carcere
1320 702 1493 741 liberavit,
1517 707 1549 734 et
1571 703 1613 734 dc
1636 702 1791 735 Henrico
1814 703 2036 747 imperatoris
2055 704 2138 747 filio,
2184 703 2204 738 5

378 754 440 797 qui
462 752 639 785 Comitissa
653 753 803 797 favente
825 765 976 797 regnum
1000 755 1114 798 patris
1137 755 1291 788 obtinuit.

378 852 471 884 Inter
494 852 560 884 hec
586 851 768 884 Paschalis
790 852 898 894 Papa,
929 851 1144 885 Bernardum
1168 853 1279 886 Vallis
1310 853 1495 886 Ambrosie
1525 853 1700 892 abbatem,
1723 860 1758 887 et
1788 855 1949 888 Romane
1979 854 2139 888 Ecclesie

288 905 510 938 Cardinalem
534 905 645 937 virum
668 905 786 948 utique
809 906 957 938 maxima
981 907 1206 939 veneratione
1229 907 1371 950 dignum
1395 906 1441 939 ob
1464 907 1606 940 tutelam
1629 907 1813 941 Mathildis
1835 908 1871 940 in
1894 908 2140 941 Lombardiam

289 958 429 990 direxit.
476 958 590 997 Quem
615 969 694 990 cum
716 959 792 1001 ipsa
815 959 1065 992 honorabiliter
1087 960 1311 1002 suscepisset,
1336 966 1371 993 et
1395 960 1468 993 eius
1491 960 1575 993 boni
1600 961 1718 994 odoris
1740 961 1834 994 fama
1857 961 1947 995 inter
1967 961 2138 995 Lombar-

290 1012 353 1044 dos
375 1018 562 1050 cresceret,
586 1012 685 1044 multi
709 1024 787 1044 eum
811 1024 854 1044 ex
884 1012 1129 1046 Parmensibus
1159 1019 1381 1058 rogaverunt,
1404 1021 1442 1046 ut
1465 1023 1502 1046 se
1534 1015 1579 1047 ad
1610 1014 1789 1047 civitatem
1811 1015 1923 1057 ipsam
1954 1014 2142 1055 conferret,
2168 1015 2208 1048 10

290 1071 324 1097 et
347 1065 439 1097 falce
470 1064 568 1098 verbi
595 1065 659 1097 Dei
689 1072 804 1099 sentes
827 1066 910 1099 inde
942 1067 1134 1109 extirparet
1164 1067 1348 1105 hereticas,
1370 1067 1429 1110 qui
1461 1068 1506 1099 de
1530 1067 1678 1100 consilio
1710 1066 1903 1107 Comitisse‚
1933 1067 2143 1102 condecenti
2233 1063 2236 1064 ⁷

288 1118 494 1151 clericorum
518 1119 693 1161 comitiva,
718 1119 762 1152 ad
787 1120 963 1153 civitatem
986 1120 1095 1162 ipsam
1119 1121 1285 1162 perrexit.
1331 1120 1488 1154 Instante
1518 1121 1635 1164 itaque
1660 1122 1874 1154 solemnitate
1896 1121 2142 1166 gloriosissime

289 1171 445 1216 Virginis
468 1170 591 1205 Matris
615 1172 692 1212 Dei,
716 1173 761 1205 ad
792 1172 955 1205 maiorem
987 1173 1183 1212 ecclesiam,
1207 1184 1274 1217 que
1298 1174 1372 1207 eius
1402 1180 1454 1206 est
1483 1174 1646 1218 insignita
1676 1174 1850 1207 vocabulo
1881 1175 2020 1208 missam
2049 1175 2143 1208 cele-

286 1225 445 1258 braturus
475 1226 635 1265 accessit,
667 1231 703 1258 et
734 1227 816 1259 dum
847 1226 906 1264 ibi,
934 1227 1094 1259 universa
1126 1233 1257 1260 astante
1280 1227 1393 1269 plebe,
1424 1234 1504 1270 post
1534 1228 1774 1271 evangelicam
1805 1228 1989 1261 lectionem
2011 1228 2143 1271 populo

288 1279 516 1322 predicasset,
533 1286 568 1313 et
583 1280 760 1313 nonnullis
775 1280 884 1313 verba
900 1281 984 1318 eius,
1001 1281 1059 1324 qui
1081 1282 1284 1323 imperatori
1308 1281 1525 1314 adherebant
1548 1282 1669 1325 gravia
1692 1282 1896 1321 extitissent,
1918 1282 2032 1324 posito
2055 1281 2139 1315 vino
2166 1280 2204 1314 15
2233 1287 2235 1290 “
2275 1285 2277 1322 4,

289 1339 324 1366 et
345 1344 436 1376 aqua
459 1332 495 1364 in
519 1333 641 1371 calice,
658 1340 695 1366 ut
711 1334 786 1366 Deo
802 1339 961 1366 sanctum
986 1334 1130 1366 offerret
1153 1335 1375 1372 sacrificium,
1391 1345 1538 1378 magnus
1559 1335 1595 1367 in
1620 1335 1771 1368 ecclesia
1792 1335 1944 1368 insonuit
1966 1334 2142 1374 tumultus,
2276 1325 2278 1332 ’

289 1397 391 1420 sexus
414 1387 591 1419 hominum
614 1387 791 1430 utriusque
817 1387 909 1420 diras
933 1387 1178 1428 blasphemias,
1203 1393 1238 1420 et
1260 1388 1371 1420 minas
1395 1388 1568 1421 terribiles
1584 1387 1751 1421 adversus
1774 1388 1840 1421 Dei
1863 1388 2049 1429 hominem,
2071 1388 2142 1421 sci-

289 1440 371 1473 licet
393 1440 554 1473 abbatem
577 1441 806 1483 praedictum,
830 1441 999 1483 nepharie
1016 1441 1254 1478 inclamantes,
1271 1446 1306 1473 et
1322 1441 1434 1483 ipsum
1451 1452 1548 1473 reum
1564 1442 1668 1474 morti
1692 1441 1945 1480 adiudicantes‚
1968 1446 2143 1484 tamquam

285 1494 507 1536 imperatoris
530 1494 679 1526 emulum
704 1500 738 1527 et
760 1495 940 1527 rebellem.
986 1494 1027 1526 In
1049 1494 1124 1536 ipso
1148 1494 1251 1537 igitur
1274 1494 1420 1527 tumultu
1444 1494 1566 1527 fractis
1588 1500 1623 1526 et
1646 1495 1812 1537 dispersis
1835 1495 1880 1528 de
1904 1494 2006 1527 altari
2027 1494 2145 1528 vitreis
2276 1531 2277 1534 Ἰ

286 1547 389 1585 vasis,
413 1553 448 1579 et
470 1547 624 1590 pretiosa
646 1547 794 1589 capella,
813 1558 916 1590 quam
940 1547 1125 1580 Comitissa
1155 1547 1250 1580 dicto
1281 1547 1398 1580 abbati
1424 1548 1581 1587 donavit,
1606 1548 1808 1590 depredata,
1830 1548 1983 1580 universi
2008 1547 2143 1581 abbatis
2165 1549 2236 1593 2οςἱ

286 1601 432 1634 comites
456 1606 490 1633 et
508 1592 829 1645 clerici'fugerunt3
847 1601 923 1643 ipse
939 1611 1024 1634 vero
1039 1601 1233 1643 intrepidus
1257 1611 1401 1633 manens
1425 1602 1570 1643 capitur,
1596 1607 1630 1633 et
1646 1601 1780 1633 carceri
1803 1601 2031 1644 mancipatur.
2077 1601 2142 1634 His
2232 1602 2241 1608 '⁴
2276 1596 2278 1610 ³

287 1654 472 1688 Comitissa
497 1665 567 1687 non
589 1654 664 1687 sine
688 1664 814 1697 magno
838 1655 960 1687 dolore
983 1654 1124 1692 auditis,
1148 1654 1308 1686 Parmam
1332 1654 1390 1686 die
1413 1654 1519 1686 tertio
1544 1664 1623 1686 cum
1638 1653 1806 1687 militibus
1829 1654 1899 1687 suis
1921 1655 2140 1698 properavit:

287 1718 390 1752 quem
414 1707 652 1740 venerabilem
675 1708 787 1740 virum
809 1707 961 1746 liberari,
986 1714 1020 1740 et
1043 1707 1159 1740 omnia
1188 1707 1355 1750 subrepta
1385 1708 1516 1740 restitui
1547 1708 1760 1750 procuravit,
1783 1717 1853 1740 non
1884 1708 1976 1740 ultra
1998 1708 2044 1740 ad
2065 1708 2141 1741 vin-

286 1762 416 1795 dictam
438 1761 580 1794 sceleris
602 1762 811 1804 procedens,
827 1761 955 1794 abbate
978 1767 1133 1804 rogante,
1149 1760 1209 1804 qui
1231 1761 1366 1799 multos,
1391 1767 1470 1803 post
1485 1761 1615 1793 bonum
1639 1762 1737 1803 pacis
1759 1761 1898 1794 amavit.
1943 1760 2036 1794 Acta
2056 1771 2142 1794 vero

286 1821 366 1848 sunt
386 1816 475 1848 haec
498 1825 589 1848 anno
614 1815 693 1847 Filii
716 1815 782 1847 Dei
807 1815 922 1848 exorti
938 1813 1070 1847 MCIV.
1118 1814 1254 1847 Eodem
1276 1820 1434 1857 tempore
1458 1814 1572 1847 minor
1594 1814 1815 1857 imperatoris
1838 1814 1928 1848 filius
1950 1814 1985 1846 in
2007 1819 2140 1857 patrem
2163 1813 2206 1847 25
2237 1854 2241 1862 ¹

285 1867 556 1908 excandescens,
579 1874 614 1901 et
637 1868 796 1900 maximis
820 1879 898 1900 eum
920 1868 1059 1911 probris
1081 1867 1235 1900 afficiens
1257 1878 1404 1911 regnum
1421 1867 1589 1900 invadere
1613 1868 1746 1901 nititur.
1792 1868 1875 1900 Diro
1891 1867 2007 1911 itaque
2029 1867 2141 1910 prelio

286 1932 367 1955 cum
389 1928 488 1966 patre
513 1932 720 1965 congressus
743 1922 856 1954 victor
879 1921 1035 1954 efficitur.
1083 1921 1155 1954 Sed
1179 1921 1369 1964 imperator
1399 1922 1553 1954 evadens
1581 1921 1686 1953 vitam
1713 1933 1791 1954 cum
1815 1931 1975 1954 moerore
1999 1921 2082 1966 egit,
2106 1926 2142 1954 et

287 1977 426 2009 demum
450 1986 519 2008 non
542 1975 651 2008 multo
674 1982 753 2018 post
776 1976 965 2008 defunctus
981 1981 1032 2008 est
1047 1985 1139 2007 anno
1157 1974 1286 2008 Christi
1302 1973 1408 2007 MCV
1424 1980 1459 2007 et
1476 1974 1579 2016 Spire
1596 1975 1762 2016 sepultus.
1798 1975 1879 2007 Post
1896 1975 1995 2019 cujus
2011 1974 2142 2007 obitum

285 2040 379 2072 papa
401 2029 583 2062 Paschalis
613 2028 861 2061 Lombardiam
884 2028 993 2066 venit,
1017 2034 1053 2060 et
1076 2028 1224 2060 letanter
1247 2039 1268 2059 a
1291 2027 1474 2060 Comitissa
1497 2033 1679 2070 susceptus
1710 2033 1777 2063 est:
1808 2028 1868 2070 qui
1890 2027 1988 2060 iuxta
2009 2026 2141 2060 Padum

288 2083 470 2127 Synodum
494 2092 696 2115 convocans
720 2082 798 2114 loco
822 2082 882 2125 qui
906 2081 1084 2115 Guastalla
1109 2081 1247 2119 dicitur,
1263 2080 1408 2113 Henrici
1433 2082 1592 2114 defuncti
1615 2081 1833 2124 imperatoris
1856 2081 1946 2113 filius
1968 2080 2141 2114 Henricus
2161 2081 2206 2113 30

286 2137 438 2175 nomine,
462 2137 521 2180 qui
544 2136 644 2168 huius
666 2136 817 2168 nominis
840 2135 981 2178 quintus
1010 2134 1088 2173 fuit,
1120 2135 1254 2178 legatos
1284 2135 1329 2167 ad
1362 2145 1439 2168 eum
1465 2135 1565 2174 misit,
1597 2140 1720 2177 petens
1742 2140 1779 2167 ut
1802 2133 1866 2166 sibi
1889 2133 2060 2179 regnandi
2089 2133 2142 2167 ius

286 2191 510 2230 concederet,
535 2196 570 2222 et
593 2189 722 2222 Sancte
746 2189 849 2222 Sedis
866 2188 1072 2232 Apostolice
1096 2197 1132 2220 se
1157 2188 1321 2220 devotum
1345 2188 1422 2220 fore
1445 2188 1658 2230 promittens.
1705 2188 1805 2220 Hanc
1821 2188 2029 2231 legationem
2046 2187 2142 2230 Papa

291 2245 438 2277 libenter
467 2244 684 2286 amplexatus
715 2249 775 2275 est.
822 2242 1003 2276 Comitissa
1033 2252 1116 2274 vero
1141 2241 1194 2273 his
1216 2251 1362 2283 presens
1393 2248 1427 2274 et
1449 2241 1544 2284 regis
1573 2242 1631 2284 pia
1662 2241 1772 2274 verba
1801 2241 1967 2279 laudavit,
1991 2246 2028 2273 et
2049 2250 2142 2284 pape

286 2297 522 2341 magnificavit
542 2307 755 2339 responsum.
801 2297 854 2328 Eo
877 2302 1035 2338 ternpore
1058 2295 1264 2327 Parmenses
1294 2295 1474 2328 venientes
1497 2295 1542 2327 ad
1571 2305 1708 2337 papam,
1732 2295 1948 2327 Bernardum
1970 2294 2141 2333 abbatem,
2246 2339 2248 2342 ,

287 2351 346 2394 qui
369 2351 486 2383 fuerat
507 2351 544 2382 in
569 2361 611 2382 ea
634 2349 788 2388 civitate,
812 2355 849 2382 ut
873 2349 1004 2382 dictum
1028 2354 1091 2388 est,
1114 2348 1343 2391 ignominiose
1368 2353 1547 2387 tractatus,
1564 2347 1631 2380 sibi
1654 2348 1689 2380 in
1714 2348 1913 2391 episcopum
1938 2347 2012 2381 dari
2031 2347 2142 2390 petie-
2163 2346 2205 2380 35
2246 2359 2251 2368 ’·

286 2411 375 2437 runt.
424 2404 504 2443 Qua
527 2403 696 2446 petitione
720 2413 813 2445 papa
841 2402 990 2446 gavisus,
1019 2401 1180 2434 Parmam
1205 2411 1285 2433 cum
1311 2400 1438 2434 abbate
1463 2401 1569 2439 venit,
1594 2406 1629 2433 et
1650 2401 1762 2443 ipsum
1792 2401 1829 2434 in
1859 2400 2017 2434 eiusdem
2046 2400 2142 2434 urbis
2238 2395 2242 2401 ἰ

289 2458 490 2500 episcopum
530 2456 756 2494 consecravit,
795 2456 988 2488 decernens
1022 2460 1137 2487 autem
1173 2454 1358 2486 ecclesiam
1392 2453 1613 2486 Parmensem
1644 2454 1689 2486 ad
1719 2453 1913 2486 Romanam
1944 2453 2140 2487 immediate

285 2517 445 2553 spectare
470 2510 599 2543 Sedem
623 2510 729 2542 Anno
752 2508 883 2542 Christi
905 2508 1029 2541 MCVI
1052 2507 1180 2541 deinde
1205 2507 1353 2540 Romam
1376 2517 1536 2539 reversus
1560 2513 1612 2539 est
1634 2517 1736 2549 papa.

1107 2627 1210 2662 CAP.
1236 2627 1316 2661 XV.

287 2702 343 2735 De
364 2706 451 2746 pace
473 2703 674 2746 confirmata
704 2702 796 2734 inter
825 2702 1070 2745 imperatorem
1094 2704 1128 2733 et
1152 2699 1375 2738 Comitissam,
1400 2704 1431 2731 et
1461 2699 1609 2742 qualiter
1638 2700 1830 2742 imperator
1851 2699 1963 2742 regni
1981 2699 2139 2732 diadema
2161 2699 2204 2732 40

376 2757 527 2800 suscepit
548 2767 570 2788 a
591 2759 699 2800 papa.

379 2854 461 2886 Post
484 2854 572 2886 haec
596 2864 675 2885 cum
699 2853 890 2895 imperator
913 2851 1084 2884 Henricus
1107 2851 1208 2883 huius
1230 2850 1377 2890 nominis
1392 2849 1427 2882 V
1442 2850 1600 2883 civitates
1617 2855 1652 2882 et
1674 2849 1804 2893 oppida
1827 2849 2037 2883 debellando
2060 2859 2137 2892 pro·

289 2912 445 2949 speraret
469 2907 503 2938 in
527 2916 648 2950 regno,
666 2907 786 2939 volens
803 2917 862 2938 sue
888 2905 1082 2938 devotionis
1104 2904 1150 2938 ad
1174 2903 1370 2937 Ecclesiam
1394 2904 1578 2946 propalare
1603 2903 1745 2942 indicia,
1770 2903 1987 2936 venerandos
2011 2902 2138 2935 direxit

290 2960 461 2992 antistites
483 2960 529 2991 ad
551 2959 673 2991 urbem
698 2959 846 2991 Romam
869 2968 959 2990 anno
982 2957 1113 2991 Christi
1136 2956 1243 2990 MCX
1265 2967 1372 2999 seque
1395 2957 1435 2989 Β.
1460 2956 1556 2988 Petri
1580 2956 1685 2988 filium
1709 2956 1885 2998 spondens
1910 2965 1973 2998 per
1997 2955 2137 2987 eosdem

292 3014 423 3056 legatos
446 3013 582 3055 imperii
606 3014 658 3045 sui
683 3013 846 3045 diadema
861 3012 970 3054 petiit.
1019 3012 1155 3050 Quibus
1170 3021 1262 3054 papa
1284 3010 1468 3053 respondit
1491 3021 1527 3042 se
1550 3020 1715 3042 coronam
1739 3010 1908 3047 daturum,
1932 3009 1961 3040 si
1985 3009 2135 3041 Romam
2159 3009 2200 3041 45

290 3070 516 3109 percepturus
540 3066 734 3098 accederet.
781 3065 948 3098 Redeunt
971 3065 1078 3108 igitur
1100 3064 1206 3107 legati
1231 3069 1266 3096 et
1288 3063 1334 3095 ad
1367 3061 1584 3096 Comitissam
1610 3062 1813 3095 Mathildem
1847 3062 2068 3101 divertentes,
2091 3061 2136 3094 ab
