2288 3476
145 259 152 268 .
172 239 362 274 uso-11³⁷]
625 231 874 269 HISTORIA
900 232 1328 270 MEDIOLANENSIS
1839 235 1886 271 39

86 358 146 399 ³w==t
166 364 376 408 imperatori,
392 370 561 409 quotquot
582 364 758 398 habebant
774 365 818 397 de
833 364 1149 398 Mediolanensibus
1164 365 1200 397 in
1215 375 1277 398 sua
1300 365 1471 408 captione.
1517 366 1716 408 Imperator,
1734 371 1890 399 comotus

83 418 103 466 ⁴¹.
122 418 214 452 xima
235 418 379 462 pietate,
403 417 589 460 Papienses
613 418 736 450 eadem
758 417 816 451 die
840 429 860 450 a
882 428 942 450 sua
966 418 1121 451 custodia
1143 418 1249 451 solvit
1273 423 1309 450 et
1330 418 1459 452 liberos
1482 419 1619 458 dimisit,
1643 425 1677 451 et
1700 419 1755 451 die
1780 419 1890 452 altera

115 495 118 498 ,
150 477 263 504 castra
287 470 429 509 amovit3
446 477 481 504 et
496 471 543 503 ad
557 470 682 509 locum,
699 471 757 514 qui
780 471 906 503 dicitur
921 469 1071 503 Abbiate
1094 471 1253 504 Crassum
1267 474 1288 511 ¹,
1304 472 1473 514 pervenit.
1518 472 1563 504 Et
1585 473 1694 505 omnis
1717 473 1889 506 multituto

108 523 382 558 ediolanensium
406 534 483 557 cum
497 524 566 556 suis
589 523 763 563 militibus,
779 535 800 556 a
815 523 976 566 captione
1000 523 1222 566 Papiens'ium
1247 525 1400 558 liberatis
1414 525 1519 558 rediit
1543 524 1788 558 Mediolanum.
1833 525 1885 557 De

99 594 126 604 -·
145 587 185 611 ro
208 576 394 620 imperator
415 577 589 619 Ticinum,
612 583 714 620 atque
737 576 870 610 Padum
893 577 939 610 ad
961 588 1057 610 suum
1080 578 1262 610 comodum
1286 577 1467 611 transivit.'

154 674 206 708 ⁶8.
233 692 272 698 -
294 673 343 707 At
364 674 588 707 Innocentius
610 684 701 716 papa
723 674 976 708 Cremonenses
998 674 1041 707 ab
1065 675 1417 708 excommunicatione
1447 675 1602 708 Robaldi
1632 675 1885 718 archiepiscopi

77 726 176 762 lvit.
221 727 469 761 Verumtamen
491 726 765 760 Mediolanensis
788 727 959 759 exercitus
982 727 1273 760 Cremonensibus
1287 739 1350 761 nec
1374 738 1492 760 eorum
1517 729 1681 771 episcopo
1693 728 1889 772 ’pepercit.

144 786 252 823 ·post
268 780 538 814 absolutionem
560 779 804 824 Juvenaltam⁴
805 804 814 819 ,
838 780 1003 813 castelum
1020 791 1149 820 eorum,
1166 786 1200 813 et
1216 781 1295 814 allia
1316 781 1541 824 aprehendit3
1565 788 1667 825 atque
1691 782 1890 824 episcopum

80 834 195 874 ἤπιοι,
219 833 400 867 loricatum
422 839 458 866 et
479 834 673 866 hortantem
702 844 780 866 suos
803 834 848 866 ad
878 844 1028 877 pugnam
1055 834 1287 875 perficientem
1317 834 1552 873 homicidium,
1577 835 1620 867 de
1650 835 1727 877 ipso
1758 835 1888 868 castelo

86 930 89 931 ⁷
162 886 243 927 axit,
266 893 301 920 et
322 897 384 929 per
406 887 521 929 plures
543 897 678 919 menses
700 886 734 918 in
758 886 917 919 custodia
940 886 1063 924 tenuit,
1087 887 1200 919 donec
1223 887 1489 920 Herlembaldus
1512 888 1555 919 de
1578 888 1750 926 Bresorio,
1775 894 1890 921 custos

88 981 91 985 ‚
105 938 157 973 ius
180 940 345 978 custodie,
370 940 620 973 contaminatus
633 949 778 978 veneno,
794 945 897 982 prout
912 939 1051 979 dicitur,
1066 939 1179 972 subito
1195 939 1230 972 in
1244 947 1387 973 mortem
1403 940 1523 973 coruit.
1568 941 1614 973 Et
1629 941 1664 972 in
1680 941 1754 983 ipsa
1777 947 1890 979 nocte,

73 986 89 1017 J*
110 1003 131 1025 e
152 992 226 1035 ipse
243 998 358 1026 custos
373 993 486 1026 subito
504 992 647 1030 occidit,
671 992 854 1035 episcopus
877 993 920 1025 de
937 992 1010 1035 ipsa
1034 993 1149 1032 domo,
1165 1003 1234 1036 qua
1250 993 1485 1033 claudebatur,
1509 993 1644 1036 effugit,
1668 1000 1702 1026 et
1726 993 1889 1032 liberatus

68 1046 217 1091 spiam,
240 1046 371 1080 deinde
392 1046 597 1079 Cremonam
619 1046 787 1088 pervenit.
833 1045 900 1078 Hic
923 1045 1078 1078 fortassis
1101 1045 1285 1088 episcopus
1300 1046 1363 1078 iste
1386 1046 1618 1079 reminiscitur
1640 1047 1890 1087 amaritudinis,

73 1111 132 1133 ιιι
153 1105 290 1142 potatus
313 1100 380 1133 fuit
402 1099 594 1132 Mediolani
614 1100 652 1131 in
676 1098 733 1131 die
756 1109 816 1131 sue
839 1099 1079 1139 ordinationis,
1102 1100 1165 1132 sed
1188 1105 1290 1141 prout
1313 1100 1518 1143 quibusdam
1549 1100 1674 1142 placet,
1696 1111 1765 1133 non
1789 1100 1888 1133 bene.

65 1156 90 1177 ⁵
101 1152 158 1186 uia
179 1153 209 1186 si
231 1152 418 1186 Yordanus
440 1152 719 1194 archiepiscopus
735 1152 876 1195 ejusque
893 1152 1043 1185 ecclesia
1059 1152 1186 1185 amovit
1201 1152 1361 1196 Ugonem
1378 1153 1421 1185 de
1437 1152 1585 1191 Noceto,
1609 1153 1760 1186 nobilem
1777 1154 1886 1186 virum

62 1210 99 1239 t
119 1206 318 1239 Parmensis
341 1206 490 1239 ecclesie
513 1206 609 1248 quasi
632 1205 927 1243 archidiaconum,
951 1205 994 1237 ab
1018 1206 1219 1247 episcopatu
1241 1205 1502 1244 Cremonensi,'
1493 1216 1529 1238 m
1545 1217 1612 1249 quo
1636 1207 1890 1239 Cremonenses

58 1247 81 1299 ''J'-
111 1270 129 1292 r
150 1270 245 1293 suam
268 1259 473 1292 electionem
498 1264 533 1291 et
555 1259 736 1298 Hem-icus,
759 1269 820 1290 rex
843 1268 971 1296 eorum,
994 1269 1057 1301 per
1079 1258 1315 1291 investituram
1338 1269 1398 1290 sue
1422 1259 1632 1292 laudationis
1654 1265 1689 1293 et
1706 1261 1884 1293 confirma-

61 1313 165 1346 mnis
185 1312 297 1355 ipsum
318 1318 503 1355 posuerant
525 1318 559 1344 et
581 1318 806 1354 susceperant
827 1322 891 1354 per
905 1311 1022 1354 plures
1038 1322 1145 1344 annos
1167 1318 1367 1345 reverenter
1383 1318 1418 1345 et
1434 1312 1491 1344 diu
1507 1313 1597 1344 intus
1613 1319 1646 1345 et
1669 1313 1754 1346 foris
1769 1319 1887 1346 tenue-

2 1378 3 1381 *
59 1364 158 1412 'sant;
182 1366 268 1409 quid
283 1366 417 1404 mirum,
433 1365 462 1397 si
477 1365 623 1407 populus
645 1364 916 1398 Mediolanensis
939 1364 1104 1407 compulit
1117 1365 1219 1398 istum
1234 1365 1414 1405 Ubertum,
1437 1366 1613 1410 egregium
1637 1366 1760 1404 virum,
1776 1366 1887 1410 jurare

5 1427 8 1433 ¹
57 1418 263 1452 delitatem
290 1418 434 1452 ecclesie
464 1417 720 1451 Mediolanensi
743 1424 777 1450 et
801 1418 1063 1460 archiepiscopo
1093 1418 1272 1458 Yordano‚
1303 1420 1443 1462 quando
1473 1419 1586 1461 ipsum
1616 1419 1785 1452 Ubertum
1815 1420 1887 1462 epi-

55 1482 61 1503 ¹,
106 1483 202 1515 pum
225 1472 451 1505 consecravit.
499 1470 604 1510 Quod
627 1471 656 1503 si
680 1472 771 1504 forte
795 1471 872 1515 quis
895 1471 1033 1503 dixerit:
1064 1471 1232 1505 “Amotio
1248 1471 1383 1515 Ugonis
1406 1471 1473 1505 fuit
1485 1472 1586 1516 justa,
1609 1473 1671 1505 sed
1695 1473 1885 1515 compulsio

2 1529 8 1552 ¹-
53 1517 82 1563 f*
95 1525 218 1559 Ubera
239 1525 306 1558 fuit
329 1525 448 1568 iniqua
463 1549 493 1567 „
507 1535 574 1558 nec
589 1523 694 1563 dicat,
710 1524 809 1556 cuius
825 1524 978 1557 mortalis
994 1525 1200 1557 auctoritate
1223 1525 1464 1567 principaliter
1480 1530 1532 1558 est
1546 1526 1701 1569 regenda
1716 1526 1886 1558 Cremona

52 1575 202 1622 iusque
226 1578 390 1616 ecclesia3
421 1578 449 1610 si
472 1588 556 1610 vero
579 1577 717 1611 dixerit:
745 1577 759 1593 ‘⁶
774 1577 967 1621 Utrumque
991 1577 1056 1610 fuit
1085 1577 1224 1610 mallum
1247 1584 1281 1610 et
1304 1578 1458 1622 iniquum
1473 1603 1502 1620 „‚
1525 1585 1641 1623 surgat
1662 1578 1768 1622 igitur
1792 1579 1885 1611 Deus

52 1643 64 1679 tf
90 1632 284 1670 croit-uum,
307 1631 366 1675 qui
389 1630 625 1663 Mediolanum
642 1636 676 1663 et
692 1631 896 1664 Cremonam
919 1630 1063 1674 corigat‚
1081 1637 1114 1664 et
1129 1642 1182 1663 me
1199 1631 1361 1664 acolitum
1385 1642 1586 1674 oppressum
1609 1639 1643 1665 et
1665 1632 1886 1674 expoliatum,

68 1685 350 1718 uemadmodum
372 1684 408 1716 in
423 1684 489 1717 hac
505 1695 582 1717 mea
598 1685 710 1726 copia,
735 1684 934 1717 continente
958 1684 1084 1726 probos
1100 1690 1135 1717 et
1150 1695 1286 1727 pravos,
1310 1685 1448 1729 legitur,
1471 1686 1546 1718 iure
1570 1686 1740 1729 gubernet
1757 1691 1791 1718 et
1807 1697 1887 1728 pro-

50 1744 167 1785 egat.
210 1738 288 1771 Deo
310 1736 362 1782 J*
385 1737 513 1782 gratias
535 1736 586 1780 ‚²⁸2
608 1737 721 1770 Amen
743 1736 796 1781 *ζ
817 1736 932 1770 Amen
954 1737 1006 1781 ᾖ,

150 1872 175 1898 6.
194 1873 294 1898 XLVI.
312 1872 525 1898 Mediolanenses
547 1873 713 1905 Episcopum
737 1873 935 1898 Cremonensem
960 1873 1082 1905 capiunt·
1107 1873 1161 1905 qui,
1181 1875 1306 1899 venenato
1324 1874 1434 1903 custode,
1454 1874 1484 1899 de
1502 1874 1616 1899 vinculis
1634 1874 1702 1907 sugit
1723 1890 1754 1893 -—
1774 1875 1816 1900 26.
1834 1876 1887 1900 Ex-

0 1911 4 1942 !
51 1910 83 1938 f*
91 1914 138 1941 icil
157 1914 223 1940 liber
239 1915 417 1946 hystoriarum
434 1915 560 1947 Landulfi
579 1916 608 1940 de
629 1916 724 1940 Sancto
742 1915 828 1940 Paulo
846 1915 876 1940 de
894 1915 972 1948 gestis
991 1915 1141 1940 Mediolani
1160 1915 1192 1940 ab
1211 1924 1282 1941 anno
1300 1916 1399 1941 Christi
1418 1923 1494 1948 1094,
1515 1924 1596 1948 usque
1614 1918 1648 1942 ad
1667 1925 1768 1942 annum
1788 1918 1887 1943 Christi

0 1963 2 1979 r
57 1962 140 1988 1133,
157 1958 270 1989 tempore
287 1956 400 1982 Robaldi
419 1957 617 1990 archiepiscopi,
636 1958 683 1989 qui
701 1957 764 1983 obiit
782 1965 852 1982 anno
871 1957 970 1982 Christi
994 1958 1203 1989 1144‚secundo
1221 1958 1262 1983 die
1281 1960 1340 1983 ante
1358 1958 1411 1983 kal.
1430 1959 1559 1990 januarii,
1578 1959 1644 1990 jacet
1661 1959 1691 1984 in
1708 1959 1817 1984 ecclesia
1835 1960 1887 1984 hie-

0 2013 1 2017 =
55 1998 136 2024 mali.
170 1999 245 2025 Huic
263 1999 384 2025 successit
406 1999 517 2024 Ubertus
535 2000 565 2024 de
583 2000 725 2029 Pirouano,
743 2007 794 2032 quo
813 1999 912 2024 sedente
931 1999 1116 2024 Mediolanum
1135 2008 1152 2024 a
1170 2000 1294 2025 Federico
1312 2000 1434 2031 funditus
1453 2001 1573 2026 evertitur
1584 2000 1595 2016 ⁵

149 2095 175 2120 9.
195 2088 390 2121 proficIentem
407 2088 432 2113 R
452 2102 485 2106 —
504 2094 547 2113 ιο.
565 2088 693 2122 quando]
713 2089 762 2121 qui
779 2089 809 2114 N
827 2102 860 2107 -
880 2095 922 2122 23.
941 2089 966 2114 si
985 2087 1063 2121 vero]
1081 2090 1104 2113 si
1126 2096 1183 2113 non
1201 2089 1226 2113 R

145 2184 155 2202 ¹
173 2186 409 2218 Abblntegrasso,
427 2193 443 2210 ι
461 2187 636 2218 qusttordlcl
656 2187 757 2219 miglia
776 2187 811 2211 da
823 2186 944 2211 Milano.
997 2188 1065 2211 tom.
1085 2185 1187 2216 XVIII,
1207 2194 1284 2212 anno
1305 2187 1373 2219 1136
1393 2195 1420 2212 n.
1440 2192 1454 2218 7
1474 2187 1586 2219 (Lucca,
1608 2188 1694 2221 1746).

146 2225 158 2244 2
175 2228 292 2259 Uber-to,
313 2234 436 2253 vescovo
454 2228 485 2253 di
504 2228 644 2253 Cremona
663 2227 845 2262 (1118-1162).
1086 2226 1097 2243 ⁴
1118 2227 1275 2253 Genlvolta
1294 2237 1391 2262 presso
1412 2229 1521 2254 Crema-

146 2267 158 2285 ⁸
177 2270 324 2295 S’intende
342 2270 378 2294 da
396 2272 475 2303 parte
493 2270 522 2294 di
541 2270 705 2295 Innocenzo
724 2271 758 2300 11,
772 2271 793 2295 il
808 2271 891 2302 quale
903 2270 944 2295 di·
1085 2268 1096 2285 ⁵
1109 2268 1213 2298 Questa
1223 2270 1321 2303 glossa
1334 2272 1418 2296 finale
1431 2278 1531 2296 manca
1541 2272 1587 2296 nel
1600 2272 1697 2297 codice
1712 2274 1749 2297 R.
1775 2264 1797 2297 Ϊῑ
1810 2274 1887 2298 dello

26 2334 27 2338 ,
45 2307 239 2349 ζιιρριόνινι
257 2312 286 2336 la
304 2319 376 2344 pena
389 2311 495 2336 inffltta
508 2311 760 2337 dall’arciveseovo
773 2311 904 2338 Robaldo
918 2313 944 2337 ai
998 2313 1089 2337 stesso
1107 2319 1278 2337 amanuense
1305 2314 1354 2338 che
1378 2313 1414 2338 ha
1438 2314 1588 2339 suddiviso
1614 2314 1636 2338 il
1661 2317 1734 2340 testo
1759 2316 1788 2339 di
1815 2316 1886 2340 Lan-

46 2351 236 2379 Cremonen.
272 2354 318 2380 Cf.
337 2354 373 2379 A.
391 2353 479 2384 ΡΑοι,
498 2353 618 2379 Annales
638 2354 696 2379 eccl.
708 2354 739 2379 C.
752 2354 864 2380 Barom'i
880 2362 946 2386 ecc.,
999 2355 1080 2380 dolio
1100 2357 1131 2380 in
1150 2356 1280 2389 capitoli.

1915 2366 1946 2392 15

1954 686 2029 711 Mun..
2045 692 2084 711 5²⁰
