2288 3476
213 673 233 687 r.
247 668 296 686 tier

203 1632 277 1655 Mun„
293 1637 332 1657 374

213 1745 233 1762 c.
247 1741 296 1760 6811

328 2295 360 2312 10

328 2502 357 2529 15

328 2718 362 2735 20

330 2925 361 2951 25

681 512 734 538 740

680 778 730 804 745

683 1046 736 1072 750

684 1313 735 1340 755

633 1596 636 1601 .
681 1576 734 1609 760

1080 213 1210 249 VITA
1239 211 1358 248 MAT
1363 211 1533 248 HILDIS

781 337 974 380 Flagicium
1001 346 1142 378 prorsus
1165 346 1226 368 sua
1250 335 1363 377 caepit
1385 344 1550 377 spernere
1575 334 1735 374 coniunx,

784 390 891 429 Quod
914 395 1030 422 taceat
1053 395 1212 427 metrum,
1235 388 1335 420 nimis
1359 388 1441 420 hinc
1466 398 1510 420 ne
1532 386 1774 431 degeneretur.

780 444 845 476 Ast
868 444 911 476 de
935 442 1056 486 regina
1078 441 1238 474 Praxede
1261 447 1376 473 tamen
1400 446 1510 474 metra
1534 441 1671 473 dicant:

779 496 840 530 Sic
862 495 960 528 timet
983 495 1060 537 ipsa
1083 495 1206 534 virum,
1230 495 1372 527 dentem
1396 494 1491 527 velut
1515 504 1605 538 agna
1627 495 1802 537 lupinum;

780 550 937 592 Cumque
961 549 1084 581 timore
1108 548 1234 588 tremit,
1257 548 1375 580 furtim
1399 547 1588 580 munimina
1611 548 1749 591 quaerit

779 603 971 640 Mathildis„
994 611 1142 644 poscens
1165 607 1202 634 ut
1226 612 1301 634 eam
1327 601 1503 645 disiungat
1525 601 1569 634 ab
1593 600 1719 634 hoste.'

782 656 967 699 Aspiciens
992 655 1131 688 Debora
1154 665 1243 688 nova
1266 661 1403 697 tempus
1426 655 1540 687 inesse
1564 654 1619 687 vel
1643 654 1763 686 horam

781 711 883 742 Hunc
908 715 945 741 ut
968 715 1165 751 prosternat
1189 707 1351 747 Sisaram,
1376 708 1465 740 clam
1490 708 1620 751 quippe
1644 714 1817 741 catervam

779 763 956 796 Veronam
979 762 1080 801 misit,
1103 762 1226 806 regina
1249 761 1410 796 manebat
1434 768 1469 794 et
1490 762 1579 798 illic;

781 816 946 849 Privatim
970 816 1077 855 venit,
1101 815 1272 854 defertur,
1295 816 1386 848 laeta
1411 815 1566 853 recedit;

780 869 890 914 Regis
913 880 990 902 eam
1013 870 1105 902 servi
1127 870 1280 912 perdunt
1303 869 1450 912 strepitu
1466 870 1539 902 sine
1563 869 1658 902 belii.

783 924 976 967 Suscipitur
998 929 1105 962 recte,
1129 930 1341 962 reverenter,
1365 923 1600 967 nobiliterque

780 977 813 1010 A
835 977 986 1010 Domina
1008 987 1090 1010 sane
1113 976 1290 1015 Mathildi,
1314 987 1402 1020 quae
1427 977 1524 1020 quasi
1547 976 1644 1009 Iahel

782 1031 821 1063 In
847 1030 984 1064 Sisarae
1008 1040 1168 1073 magnum
1193 1040 1286 1062 nunc
1309 1030 1382 1062 fixit
1404 1030 1551 1073 timpore
1576 1030 1724 1063 clavum.

780 1085 916 1118 Crescit
939 1084 983 1117 ob
1007 1084 1046 1117 id
1069 1084 1155 1116 felix
1178 1083 1307 1117 Christi
1329 1083 1478 1116 victoria
1501 1083 1620 1126 plebi;

782 1138 1035 1182 Ecclesiaeque
1058 1136 1140 1170 duci
1162 1137 1294 1180 pastori
1319 1137 1456 1170 scilicet
1480 1137 1586 1177 urbis,

781 1193 884 1225 Hanc
907 1203 980 1224 rem
1003 1191 1145 1236 reginae
1168 1190 1261 1223 missi
1284 1190 1443 1224 referunt
1464 1190 1667 1224 Comitissae

780 1246 858 1279 Hoc
882 1246 1092 1289 quicumque
1117 1245 1229 1277 scelus
1252 1243 1486 1287 cognoscebat
1509 1245 1587 1277 fore
1611 1255 1743 1283 verum,

783 1298 980 1342 Spernebat
1002 1298 1095 1342 regis
1117 1303 1257 1336 sectam,
1280 1297 1479 1340 pariterque
1503 1298 1685 1336 Guiberti3

779 1351 939 1385 Partibus
962 1352 997 1384 in
1021 1351 1155 1384 cunctis
1179 1361 1258 1393 pars
1282 1350 1379 1383 Petri
1403 1351 1550 1383 maxime
1574 1351 1693 1395 surgit.

779 1407 859 1439 Dux
881 1407 993 1439 bonus
1016 1404 1190 1444 Urbanus,
1214 1405 1318 1437 factis
1342 1410 1377 1437 et
1399 1404 1540 1437 nomine
1567 1405 1691 1445 clarus,

781 1461 865 1493 Esse
888 1458 1125 1502 triumphandi
1149 1463 1285 1500 tempus
1310 1458 1354 1490 de
1376 1458 1540 1500 principe
1563 1457 1660 1490 Iabin

782 1513 999 1556 percipiens,
1022 1512 1170 1546 Romam
1195 1511 1384 1549 dimittens,
1408 1511 1502 1544 venit
1526 1511 1571 1544 ad
1594 1512 1699 1544 horas

778 1566 1048 1611 Longobardiae
1073 1576 1152 1598 cum
1177 1564 1346 1598 conscilio
1370 1564 1604 1604 Comitissae,·

786 1622 888 1661 Quae
912 1620 1064 1663 suscepit
1088 1630 1164 1652 eum
1189 1624 1344 1652 sanctum
1368 1619 1506 1661 penitus
1530 1619 1629 1662 quasi
1652 1619 1804 1652 Petrum.

783 1676 963 1710 Pontificis
987 1676 1111 1708 dextra
1134 1673 1350 1707 benedicitur
1372 1673 1435 1706 ista
1460 1673 1641 1716 potestas.'

781 1731 884 1764 Tunc
909 1735 1025 1773 pastor
1047 1734 1187 1761 sanctus
1210 1727 1371 1760 sinodum
1395 1726 1597 1765 celebravit,
1621 1734 1657 1760 et
1679 1738 1789 1760 annus

784 1784 913 1818 Christi
937 1783 1108 1821 millenus,
1131 1791 1333 1824 nonagenus
1358 1791 1496 1824 quoque
1519 1781 1677 1824 quintus;

385 1905 440 1938 egli
459 1906 522 1930 tace
541 1911 591 1938 per
612 1904 790 1929 verecondia.
827 1903 883 1926 Noi
899 1901 1048 1934 sappiamo
1062 1901 1125 1925 solo
1140 1900 1191 1924 che
1204 1899 1285 1924 Pras-

386 1947 451 1972 sede
470 1946 571 1972 accuso
590 1946 696 1971 Enrico
715 1946 744 1970 di
764 1945 859 1970 averia
879 1946 1014 1969 corrotta.
1050 1943 1075 1968 11
1095 1949 1218 1968 vescovo
1236 1942 1284 1966 Er-

386 1988 477 2013 rando
497 1989 526 2013 di
546 1988 730 2013 Halberstadt
748 1987 780 2011 vi
794 1993 918 2011 accenna
930 1985 989 2010 cosi
1005 1985 1082 2010 nella
1094 1992 1145 2009 sua
1159 1984 1285 2015 Epistola

386 2032 418 2056 de
429 2039 510 2056 causa
526 2031 643 2055 Henrici
653 2030 731 2062 regis
744 2029 859 2061 (Libelli
870 2030 902 2053 de
914 2029 970 2057 lite.
983 2028 1018 2057 11,
1033 2026 1108 2059 288):
1127 2026 1139 2039 “
1151 2027 1197 2051 An
1212 2026 1285 2050 ordo

389 2074 402 2087 “
414 2074 526 2099 videtur
545 2073 600 2098 sibi
621 2073 652 2098 in
672 2080 774 2105 eorpus
797 2079 877 2097 suum
896 2078 1021 2105 peccare,
1046 2070 1192 2100 videlicet,
1210 2069 1283 2102 proh

389 2117 402 2130 “
413 2116 522 2150 pudor!
542 2115 616 2149 proh
630 2116 723 2140 nefas!
737 2122 855 2139 uxorem
868 2114 1014 2146 propriam
1034 2113 1137 2137 scelere
1151 2112 1283 2136 omnibus

389 2159 403 2173 “
413 2159 517 2184 seculis
536 2158 635 2183 mundi
655 2158 788 2182 inaudito
801 2157 923 2190 lupanar
938 2157 1029 2181 facere
1040 2156 1050 2180 ?
1060 2172 1086 2187 „.
1105 2153 1233 2179 Gaurion
1252 2160 1283 2178 121

386 2201 615 2227 Rmcmuzsnzne
635 2201 664 2225 in
684 2201 729 2225 De
755 2199 964 2232 investigatione
982 2198 1151 2228 AnticIeristi,
1173 2197 1236 2221 Lib.
1262 2196 1283 2225 1,

386 2251 447 2277 cap.
469 2250 500 2277 17
520 2243 636 2276 (Libani
653 2243 686 2267 de
705 2243 762 2272 lite,
781 2242 831 2272 111,
850 2242 915 2274 324)
935 2242 997 2266 dice
1021 2241 1072 2265 che
1098 2239 1284 2272 “impietatis

390 2284 403 2299 ⁴¹
416 2286 523 2310 cultum
545 2286 575 2309 in
595 2285 747 2317 semetipsa
766 2291 815 2316 per
830 2284 989 2315 impudicos
1009 2283 1148 2307 admissos
1166 2283 1283 2314 experta

387 2326 400 2340 ⁸
412 2330 479 2360 est„
501 2327 608 2352 inoitre
627 2327 678 2351 che
703 2328 864 2359 r1pugnava
889 2333 906 2350 a
927 2326 1024 2350 venire
1043 2326 1075 2349 in
1093 2324 1180 2349 Italia
1206 2331 1285 2348 come

387 2370 482 2402 quella
503 2370 517 2383 “
527 2377 581 2402 que
594 2377 610 2394 a.
623 2371 743 2402 proprio
757 2370 862 2393 marito
877 2370 918 2393 ita
937 2369 1093 2401 prostituta
1107 2368 1154 2396 sit,
1168 2369 1199 2392 ut
1213 2368 1284 2391 scire

389 2413 403 2427 ¹‘
414 2419 472 2437 non
487 2413 589 2445 possit,
603 2419 638 2436 ex
651 2418 707 2444 quo
721 2411 830 2444 prolem
844 2410 1008 2443 conceperit
1020 2428 1042 2442 η.
1063 2410 1075 2434 Ι
1095 2410 1177 2434 Gesta
1191 2409 1282 2440 Episc-

396 2455 595 2480 Wrdunensium
615 2453 669 2486 (M.
695 2454 726 2479 G.
747 2454 793 2484 H„
816 2453 875 2483 SS.,
896 2453 929 2481 X,
949 2452 1013 2485 495)
1036 2452 1189 2476 ricordano
1203 2451 1230 2476 la
1244 2458 1285 2475 re-

386 2498 454 2530 gina
473 2496 608 2521 Prassede
630 2495 739 2528 “quam
758 2496 951 2528 ignominiose
970 2501 1117 2519 servorum
1136 2494 1244 2527 stupris
1257 2495 1285 2518 et

389 2538 402 2552 ⁰¹
413 2539 576 2571 approbriis
590 2539 759 2563 sumeserat
769 2554 795 2570 „.
831 2537 909 2562 Sono
922 2538 1040 2562 accenni
1061 2543 1158 2569 spesso
1173 2536 1285 2560 confusi

387 2590 401 2606 e
414 2582 466 2606 che
485 2581 579 2606 scritti
598 2581 634 2605 da
654 2580 800 2605 avversari
819 2579 1015 2612 appassionati
1038 2586 1097 2603 non
1118 2579 1214 2603 danno
1235 2578 1285 2603 che

388 2631 479 2648 scarse
497 2624 632 2656 garanzie
652 2623 680 2647 di
708 2620 809 2651 verita,
834 2621 924 2646 anche
949 2629 977 2646 se
1002 2621 1098 2646 diffusi
1124 2621 1284 2646 autorevol-

389 2668 489 2691 mente.
504 2665 535 2690 Si
545 2666 625 2698 pensi
638 2665 694 2690 alle
705 2672 805 2689 accuse
816 2672 831 2688 a
842 2664 963 2689 Matilde
974 2663 1018 2688 del
1030 2664 1140 2696 partito
1151 2665 1284 2696 opposto.

476 2717 503 2735 v.
524 2708 583 2741 737)
603 2708 756 2740 Flagitium
768 2725 774 2731 .
785 2724 792 2731 .
804 2726 809 2731 .
821 2725 827 2731 .
842 2707 912 2738 quod
922 2710 1013 2731 taceat
1026 2710 1145 2738 metrum,
1161 2713 1286 2731 accenno

389 2751 485 2775 velato
504 2750 564 2783 (per
584 2750 720 2783 riguardo
739 2757 754 2774 a
774 2746 907 2781 Matilde)
926 2749 982 2773 alle
1007 2756 1104 2773 accuse
1130 2749 1284 2773 infamanti

389 2795 490 2817 contro
511 2793 623 2822 Enrico.
644 2792 787 2817 ricordate
806 2789 856 2824 pii!
877 2798 969 2824 sopra.

478 2844 504 2860 v.
525 2835 582 2867 739)
602 2835 744 2864 Pranedc,
764 2835 884 2859 secunda
904 2834 1009 2866 moglie
1028 2834 1056 2858 di
1077 2834 1184 2858 Enrico
1197 2833 1284 2866 (dopo

390 2877 417 2902 la
437 2879 527 2902 morte
546 2877 577 2902 di
596 2878 679 2902 Berta
693 2877 737 2901 del
752 2882 766 2907 7
781 2877 836 2901 dic.
856 2875 934 2908 1086)
949 2883 995 2901 era
1015 2876 1043 2901 di
1064 2876 1179 2909 origine
1198 2883 1285 2904 russa.

389 2919 465 2944 della
486 2919 616 2952 famiglia
630 2919 676 2943 dei
690 2918 834 2948 Rurikffli,
854 2919 971 2944 essendo
985 2918 1062 2950 figlia
1076 2918 1106 2942 di
1121 2917 1285 2942 Wsewolod

390 2961 552 2986 Iaroslawic
579 2960 657 2985 Gran
684 2962 814 2994 principe
839 2961 869 2985 di
896 2960 975 2985 Kiew
1003 2959 1160 2994 (1076·93)=
1185 2960 1208 2984 il
1234 2967 1284 2984 suo

392 3010 473 3027 nome
493 3003 634 3035 orIginsle
653 3010 700 3028 era
719 3003 849 3028 Eun-asin
871 3011 887 3027 o
907 3002 1048 3034 Prassede,
1069 3004 1180 3027 mutato
1194 3002 1220 3027 al
1236 3009 1285 3027 suo

1341 1905 1439 1930 arrivo
1460 1906 1490 1930 in
1511 1905 1663 1930 Germania
1684 1907 1714 1930 in
1734 1905 1890 1930 Adelaide:
1910 1913 1956 1931 era
1976 1906 2086 1931 vedova
2105 1906 2134 1931 di
2156 1905 2239 1931 Enri-
2255 1898 2263 1925 3

1340 1955 1374 1972 co
1388 1948 1401 1972 I
1419 1947 1442 1972 il
1455 1947 1559 1981 Lungo
1578 1946 1607 1980 (†
1630 1945 1709 1980 1087)
1729 1949 1894 1981 mai-gravio
1914 1948 1989 1973 della
2007 1947 2179 1974 Nordmark.
2214 1947 2239 1973 11
2254 1951 2272 1988 εἶ

1340 1998 1391 2015 suo
1411 1990 1597 2015 matrimonio
1623 1998 1677 2015 con
1703 1990 1809 2014 Enrico
1838 1990 1949 2015 doveva
1975 1997 2042 2015 aver
2066 1991 2155 2016 avuto
2179 1997 2239 2016 uno
2265 1989 2269 2009 ἕ

1340 2040 1427 2066 scopo
1441 2033 1566 2065 politico
1580 2039 1629 2066 per
1642 2033 1836 2066 guadagnarsi
1849 2033 1876 2057 la
1891 2033 2023 2066 famiglia
2036 2033 2082 2058 dei
2096 2033 2238 2066 margravi
2261 2038 2266 2040 '

1338 2083 1352 2099 e
1371 2077 1451 2099 tener
1470 2075 1529 2100 cosi
1551 2076 1582 2100 in
1603 2075 1686 2100 freno
1707 2076 1715 2099 i
1735 2074 1864 2100 Sassoni.
2254 2096 2266 2106 ,ἶ

1426 2126 1473 2144 vv.
1495 2118 1604 2150 743-58)
1623 2118 1727 2147 Sisara,
1748 2118 1931 2143 condottiero
1944 2119 1975 2143 di
1993 2118 2086 2149 Iabin,
2099 2126 2128 2143 re
2141 2117 2171 2143 di
2183 2118 2238 2143 Ha-
2254 2107 2274 2148 vi

1336 2161 1441 2190 sarath,
1462 2162 1544 2185 vinto
1565 2160 1642 2185 dalla
1661 2160 1843 2193 giudichessa
1861 2160 1976 2185 Debora
1995 2167 2010 2185 e
2029 2160 2065 2185 da
2083 2159 2180 2190 Berac,
2199 2148 2265 2191 sm}

1340 2203 1416 2228 nella
1437 2204 1511 2235 suga,
1532 2203 1628 2228 ucciso
1642 2204 1677 2227 da
1691 2202 1792 2228 Giaele
1806 2203 1845 2234 (la
1858 2204 1976 2228 maschia
1994 2203 2087 2229 Giaele
2100 2202 2146 2228 del
2158 2202 2239 2228 Mm—
2256 2220 2265 2235 -,

1337 2244 1422 2279 zoni),
1442 2253 1496 2270 con
1515 2253 1554 2270 un
1575 2245 1682 2270 chiodo
1701 2245 1878 2278 piantatogli
1900 2245 1976 2270 nella
1995 2245 2110 2278 templa,
2130 2246 2240 2270 mentre
2258 2256 2266 2274 ¹.

1338 2287 1475 2312 dormiva.
1516 2288 1540 2311 Il
1559 2287 1717 2312 confronto
1739 2287 1781 2311 fra
1801 2287 1913 2312 Debora
1927 2294 1942 2312 e
1955 2285 2106 2312 Matlldee
2118 2286 2238 2312 fundato
2261 2282 2276 2314 i‘*

1339 2330 1382 2354 sul
1403 2330 1576 2362 particolare
1595 2330 1646 2354 che
1666 2328 1680 2354 ὲ
1701 2330 1811 2354 Debora
1837 2329 1888 2354 che
1913 2329 2013 2354 decide
2037 2337 2053 2354 e
2076 2329 2179 2363 :pinge
2195 2327 2238 2362 gli

1339 2373 1461 2398 Israeliti
1484 2373 1637 2398 all'azione
1657 2373 1789 2405 (Giudiczg
1809 2372 1846 2396 IV
1866 2380 1880 2397 e
1901 2373 1947 2405 V).
2260 2368 2275 2371 ⁷*

1427 2423 1454 2440 v.
1476 2415 1537 2447 753)
1556 2415 1687 2439 Secondo
1706 2415 1751 2446 D.‚
1770 2415 1886 2439 Urbano
1906 2422 1965 2439 non
1978 2415 2046 2439 ebbe
2065 2416 2145 2448 parte
2163 2413 2240 2440 uena

1341 2459 1407 2491 fuga
1427 2459 1455 2482 di
1477 2458 1621 2488 Prassede,
1640 2458 1729 2482 anche
1749 2465 1777 2482 se
1797 2459 1845 2490 poi
1866 2465 1900 2482 ne
1919 2456 2027 2482 sfrutto
2046 2457 2076 2482 lo
2094 2456 2238 2483 scandalo.

1427 2508 1472 2525 vv.
1494 2498 1602 2532 757-60)
1621 2500 1739 2524 Urbano
1763 2499 1838 2532 parti
1859 2500 1894 2524 da
1913 2499 2006 2524 Roma
2024 2497 2110 2532 (dove
2133 2506 2239 2524 ancora
2273 2490 2277 2495 ⁸

1338 2543 1381 2575 gli
1401 2543 1558 2567 scismatici
1583 2544 1727 2567 tenevano
1753 2542 1850 2567 Castel
1875 2541 1904 2567 S.
1929 2540 2054 2575 Angelo)
2079 2541 2239 2567 nell’estnte
2278 2566 2279 2573 χ

1340 2585 1384 2610 del
1408 2591 1483 2617 1094,
1501 2593 1524 2614 e,
1545 2585 1622 2609 dalla
1641 2584 1780 2614 Toscana,
1793 2582 1889 2609 lancie
1903 2584 1946 2617 gli
1959 2585 2047 2609 inviti
2060 2590 2110 2618 per
2127 2583 2150 2608 il
2163 2583 2238 2610 Con·
2271 2607 2277 2612 ,

1340 2627 1411 2652 cilio
1431 2627 1481 2651 che
1499 2629 1585 2651 tenne
1605 2635 1620 2651 a
1640 2627 1779 2651 Piacenza
1799 2626 1844 2651 nel
1863 2633 1958 2651 marzo
1980 2632 2055 2658 1095.
2271 2616 2280 2622 *

1429 2669 1567 2694 Piacenza
1586 2677 1633 2694 era
1653 2671 1727 2694 stata
1745 2677 1803 2694 uno
1823 2669 1869 2693 del
1888 2669 1977 2693 centri
1991 2667 2040 2701 piu
2056 2667 2150 2693 vivaci
2162 2667 2237 2693 della
2270 2672 2280 2704 j·

1340 2711 1455 2736 Patarla
1474 2712 1631 2740 lombarda,
1651 2719 1665 2735 e
1685 2712 1786 2736 insatti
1807 2711 1854 2735 nel
1874 2710 2010 2736 Concilio
2029 2712 2058 2735 vi
2082 2710 2106 2735 si
2126 2710 2238 2736 eonfer-
2271 2705 2281 2721 ⁵*

1341 2761 1460 2779 marono
1481 2755 1487 2777 i
1509 2755 1614 2778 decreti
1635 2755 1737 2778 contro
1758 2754 1766 2777 i
1787 2753 1938 2778 simoniaci
1959 2760 1973 2776 e
1998 2753 2009 2777 1
2034 2753 2107 2784 preti
2133 2759 2236 2786 concu-

1340 2797 1434 2820 binari
1455 2796 1575 2827 (MANSI,
1597 2796 1726 2825 eoncilia,
1746 2794 1806 2825 XX,
1825 2794 1885 2827 803,
1907 2794 1978 2827 899).

1427 2847 1453 2863 v.
1476 2839 1533 2871 7⁶3)
1554 2839 1577 2863 Il
1597 2838 1734 2864 Concilio
1755 2838 1779 2863 si
1797 2837 1861 2870 apri
1882 2838 1904 2862 il
1921 2844 1933 2862 ι
1947 2843 2047 2868 marzo,
2063 2844 2107 2862 ma
2121 2836 2236 2862 Urbano
2270 2844 2272 2846 ·

1340 2883 1443 2907 rimase
1462 2889 1478 2906 a
1497 2882 1634 2906 Piacenza
1654 2883 1721 2906 sino
1741 2881 1767 2905 al
1788 2889 1802 2914 5
1823 2881 1928 2913 aprile:
1949 2880 1970 2904 ii
1991 2886 2026 2904 20
2043 2886 2140 2905 marzo
2153 2880 2177 2904 sl
2193 2880 2236 2904 in·
2280 2892 2281 2895 =

1340 2923 1442 2949 contro
1462 2931 1478 2948 a
1497 2922 1640 2949 Cremona
1666 2931 1720 2948 con
1748 2922 1885 2952 Cori-ado,
1911 2922 1961 2947 che
1986 2922 2027 2955 gli
2055 2920 2186 2948 addestro
2213 2921 2235 2946 ii

1340 2966 1461 2995 cavallo,
1481 2973 1559 2990 come
1579 2966 1717 2990 sacevano
1736 2965 1779 2997 gli
1799 2965 1963 2998 imperatori
1983 2965 2012 2988 ai
2025 2965 2094 2998 papi
2105 2963 2181 2990 nella
2193 2965 2238 2990 in-

1340 3009 1539 3032 comnamone,
1562 3002 1581 3026 il
1606 3008 1635 3034 ¹5
1657 3001 1749 3034 aprile
1769 3000 1896 3026 Corrado
1916 3000 1975 3025 fece
1996 3000 2021 3025 al
2042 3007 2115 3033 papa
2133 2999 2156 3025 n
2174 2999 2238 3032 giu·
2276 3006 2279 3007 ’
