2288 3476
207 874 228 889 c.
243 873 288 893 ην

183 979 259 1005 Mun..
271 979 311 1003 ⁴78

333 2987 347 3014 5
376 2990 425 3016 per
443 2982 471 3007 la
489 2983 585 3016 giusta
603 2991 686 3009 causa
706 2992 720 3009 e
740 2991 789 3016 per
808 2984 977 3009 assicurarlo
996 2985 1045 3009 che
1072 2993 1128 3009 non
1154 2984 1268 3009 sai-ebbe
1322 2986 1419 3010 mento
1438 2985 1586 3010 canonico.

379 202 398 238 8
860 200 1168 237 LANDULPHI
1196 201 1266 236 DE
1294 199 1506 236 SANCTO
1533 199 1712 236 PAULO
1896 205 1978 240 [ΑΛ.
1999 207 2168 234 1075-11

377 334 391 350 ¹‘
403 344 447 365 an
469 333 691 366 mendatium.
737 332 900 375 Alioquin
915 342 985 364 non
1009 331 1099 364 dabo
1115 331 1176 363 tibi
1198 341 1399 374 responsum
1413 354 1443 371 „.
1490 331 1700 364 Grosulanus
1721 341 1803 364 vero
1818 342 1922 374 super
1942 332 2010 365 hoc
2025 341 2185 374 pei-cun

371 392 470 424 tatus,
492 387 632 418 tandem
649 385 686 417 in
702 386 823 417 eodem
848 391 1021 417 conventu
1039 384 1136 417 dicit:
1167 386 1181 402 ‘⁴
1194 384 1297 422 Volo,
1314 390 1351 416 ut
1367 384 1463 417 dicas
1486 395 1604 416 verum
1619 406 1647 425 ,,.
1671 384 1882 417 Grosulanus
1904 395 1986 417 vero
2001 395 2105 428 super
2126 385 2163 417 h
2175 390 2184 413 ’.

373 438 470 481 quasi
493 450 512 470 a
534 439 683 471 Domino
707 438 931 475 confortatus,
954 437 1054 470 dixit:
1083 437 1255 476 “Literas,
1279 437 1322 470 de
1345 436 1469 479 quibus
1490 447 1544 469 me
1567 437 1771 481 interrogas,
1794 447 1860 482 ego
1882 448 1952 470 non
1976 437 2105 471 dictavi
2127 442 2185 477 nos
2222 452 2229 486 ς
2254 430 2275 450 ⁷

379 493 394 508 ‘⁴
407 491 539 533 scripsi,
563 492 624 523 sed
640 497 675 523 et
691 491 773 522 alias
789 491 823 522 in
841 491 959 522 divina
981 501 1002 522 a
1024 490 1151 533 pagina
1172 490 1252 533 legi,
1269 496 1304 522 et
1327 490 1361 521 in
1378 490 1465 532 ipsis
1481 501 1550 522 non
1567 490 1684 523 inveni
1699 490 1840 523 verbum
1863 491 1955 533 quod
1978 491 2182 524 confirmat
2227 522 2230 536 E

374 544 388 560 ‘⁴
402 550 436 576 te
459 544 530 576 iure
546 554 645 586 posse
661 554 735 576 esse
751 543 1025 576 Mediolanensis
1041 543 1186 576 ecclesie
1202 542 1514 585 archiepiscopum
1532 548 1635 586 atque
1651 543 1853 576 conscilium
1870 549 1904 576 et
1926 543 2089 576 auxilium
2111 544 2152 576 d·
2165 546 2181 571 -J
2228 547 2231 583 ξ’
2284 547 2285 554 ’

375 597 389 614 “
402 596 555 639 pluribus
571 597 708 628 clericis
723 602 756 629 et
771 596 863 635 viris,
880 596 938 639 qui
955 596 1118 628 miserunt
1141 595 1288 628 Romam
1304 595 1495 628 Obizonem
1519 596 1663 639 Nigrum
1681 601 1716 628 et
1731 596 1951 629 Heribertum
1967 597 2012 629 de
2029 596 2174 630 Bruzanl
2230 607 2233 612 ¹
2270 602 2287 626 ,⁶⁴¹

377 651 441 682 “ut
462 655 626 692 rogarent
655 660 780 692 papam
804 659 847 682 ne
871 649 937 682 tibi
959 650 1097 682 miteret
1127 649 1291 689 stolam„.
1337 649 1440 682 Unde
1472 648 1685 682 Grosulanus
1716 655 1870 682 comotus
1892 649 1955 682 ait:
1983 649 1998 667 “
2012 649 2160 683 Archie·
2184 680 2191 694 ·.

379 705 529 744 “scopus
551 713 642 735 nunc
664 714 738 735 sum
755 709 790 735 et
812 703 934 735 stolam
957 702 1081 735 habeo.
1128 700 1235 740 Quod
1256 702 1319 734 nisi
1341 702 1551 735 satisfeceris
1574 703 1680 734 michi
1703 703 1747 735 de
1763 703 1828 736 hac
1852 703 2122 746 presumptione,
2144 702 2183 736 ξ’

377 757 391 773 “
405 755 491 788 ciam
517 756 560 788 de
583 762 629 793 te,
653 757 747 798 quod
778 756 883 788 michi
906 756 1056 798 pertinet
1086 755 1248 795 facere„.
1293 756 1395 788 Tunc
1419 755 1586 797 presbiter
1615 755 1753 798 porexit
1782 755 1849 788 sibi
1880 762 2007 789 cartam
2031 756 2129 800 signa

371 809 563 851 apostolico
586 809 709 852 sigillo,
732 809 798 842 hec
821 810 1056 842 continentem
1071 808 1095 840 ¹:
1125 810 1139 826 ‘⁴
1154 809 1342 852 Gregorius
1365 808 1559 851 episcopus,
1583 819 1700 841 servus
1723 819 1899 842 servorum
1921 809 1999 848 Dei,
2021 809 2166 852 Lipran
2180 813 2201 851 'j

375 862 389 878 “
405 862 578 894 sacerdoti
600 862 759 895 salutem'
783 868 816 895 et
839 862 1061 905 apostolicam
1085 862 1374 895 benedictionem.
1421 861 1458 894 Si
1480 867 1675 894 sanctorum
1697 863 1895 895 memoriam
1917 872 2131 902 veneramur,
2153 859 2201 896 ds*

376 915 390 931 ⁴⁴
405 925 473 957 quo
497 915 641 959 legimus
664 921 773 948 morte
798 922 832 948 et
854 916 1062 948 abscissione
1086 915 1329 954 membrorum,
1352 915 1381 947 si
1404 915 1605 958 patientiam
1627 915 1807 948 laudamus
1829 926 1958 954 eorum,
1982 925 2068 959 quos
2089 926 2110 948 a
2131 916 2169 948 fi·
2188 919 2206 950 Α

377 968 391 984 “
405 968 534 1001 Christi
557 969 692 1012 gladius
707 979 774 1001 nec
790 969 858 1002 ulla
874 979 965 1011 pena
988 968 1133 1007 divisit;'
1149 975 1187 1001 tu
1203 979 1340 1012 quoque
1357 968 1509 1001 abscisso
1533 979 1616 1001 naso
1632 974 1667 1001 et
1681 968 1821 1001 auribus
1836 979 1898 1011 pro
1914 969 2044 1002 Christi
2063 969 2200 1002 nomin-

378 1021 612 1054 “laudabilior
635 1032 682 1062 es,
699 1023 758 1065 qui
774 1023 818 1054 ad
833 1033 907 1055 eam
923 1022 1035 1066 gratia
1058 1022 1254 1065 pertingere
1277 1021 1442 1060 meruisti,
1466 1031 1533 1064 que
1556 1022 1599 1054 ab
1615 1021 1772 1054 omnibus
1796 1021 2026 1055 desideranda
2048 1027 2112 1061 est,
2134 1031 2205 1066 qur

376 1077 425 1106 “a
446 1075 585 1115 sanctis,
608 1075 635 1107 si
658 1076 933 1118 perseveraveris
955 1076 991 1108 in
1017 1076 1127 1115 finem,
1150 1086 1219 1108 non
1244 1076 1431 1117 discrepas.
1477 1076 1661 1119 Integritas
1687 1076 1829 1118 quidem
1852 1075 2007 1118 corporis
2029 1075 2080 1108 tui
2101 1075 2186 1109 dimi
2205 1077 2207 1079 ⁴

379 1129 393 1145 ‘⁴
405 1133 488 1160 nuta
503 1134 563 1166 est,
579 1129 641 1161 sed
656 1129 801 1161 interior
822 1129 936 1171 homo,
954 1130 1011 1172 qui
1028 1135 1212 1161 renovatur
1226 1128 1270 1161 de
1288 1127 1342 1160 die
1359 1128 1394 1159 in
1410 1128 1511 1166 diem,
1527 1138 1691 1172 magnum
1705 1128 1898 1161 sanctitatis
1914 1129 2066 1171 suscepit
2086 1129 2215 1162 incre-

379 1183 568 1214 “mentum.
615 1182 740 1214 Forma
761 1182 909 1215 visibilis
930 1182 1075 1225 turpior,
1098 1182 1160 1215 sed
1182 1183 1297 1226 imago
1320 1182 1399 1221 Dei,
1422 1193 1489 1225 que
1505 1187 1557 1215 est
1571 1182 1684 1214 forma
1707 1182 1845 1220 iustitie,
1866 1182 1961 1214 facta
1977 1187 2029 1215 est
2043 1183 2079 1215 in
2101 1181 2208 1215 dimi-³

377 1236 392 1252 “
404 1235 545 1268 nutione
568 1235 760 1275 iocondior,
775 1236 812 1268 in
835 1235 1048 1278 turpitudine
1064 1235 1251 1278 pulchrior.
1297 1236 1401 1268 Unde
1417 1237 1452 1268 in
1468 1235 1611 1268 canticis
1633 1235 1846 1268 canticorum
1870 1235 2038 1278 gloriatur
2053 1235 2210 1279 ecclesia,

376 1288 391 1304 ⁴⁶
406 1288 540 1321 dicens:
566 1288 676 1332 Nigra
704 1299 790 1327 sum,
813 1289 882 1321 filie
905 1289 1119 1322 Yerusalem.
1166 1288 1271 1327 Quod
1294 1290 1321 1322 si
1345 1289 1490 1322 interior
1511 1289 1647 1331 species
1678 1288 1786 1320 nichil
1809 1298 1908 1331 passa
1930 1294 1982 1322 est
2004 1288 2219 1321 detrimenti*

378 1343 392 1359 ‘⁴
405 1341 470 1374 hiis
493 1341 772 1381 abscissionibus,
796 1352 865 1375 non
882 1347 933 1375 est
948 1342 1118 1375 abscisum
1134 1353 1154 1374 a
1170 1348 1204 1374 te
1221 1342 1437 1375 sacerdotale
1454 1342 1611 1380 officium,
1635 1340 1729 1385 quod
1752 1342 1930 1384 proprium
1945 1348 1997 1375 est
2011 1341 2202 1375 sanctitatis

377 1396 393 1412 “
406 1402 440 1427 et
462 1405 532 1428 non
554 1401 687 1427 tantum
710 1395 971 1428 conscideratur
993 1395 1027 1427 in
1051 1396 1250 1439 integritate
1280 1395 1522 1434 membrorum,
1553 1400 1716 1438 quantum
1740 1394 1775 1426 in
1804 1395 2003 1438 integritate
2029 1395 2204 1428 virtutum.
2223 1401 2226 1408 ²

375 1448 390 1465 “
406 1448 509 1481 Unde
525 1448 713 1491 imperator
728 1449 974 1482 Constantinus
996 1449 1276 1482 Yerosolimitani
1292 1449 1447 1491 episcopi
1464 1449 1641 1493 cujusdam
1657 1448 1816 1481 occulutn
1833 1459 1897 1491 pro
1913 1449 2051 1482 nomine
2073 1447 2203 1483 Christi
2221 1485 2222 1489 ,

380 1503 539 1534 “erutum
569 1512 652 1544 sepe
676 1502 903 1535 osculabatur.
949 1502 994 1535 Et
1017 1503 1175 1546 exemplo
1206 1508 1340 1545 patrum
1363 1507 1467 1545 atque
1499 1501 1708 1534 documento
1735 1502 1902 1546 maiorum
1926 1501 2110 1535 didicimus
2131 1510 2202 1535 non
2227 1519 2229 1546 3

379 1555 543 1587 “auferre
567 1566 701 1587 sacrum
725 1555 872 1588 officium
897 1555 1102 1599 martyribus
1124 1566 1187 1597 pro
1211 1554 1409 1599 hujusmodi
1433 1565 1578 1587 censura
1601 1554 1842 1587 membrorum.
1887 1554 2053 1593 Proinde,
2082 1555 2203 1588 martir

378 1608 543 1646 ‘Christi,
568 1609 768 1642 confortare
791 1609 827 1640 in
850 1608 1015 1646 Domino;
1041 1608 1147 1652 magis
1171 1608 1293 1641 credas
1316 1608 1353 1640 in
1379 1614 1414 1641 te
1437 1617 1530 1640 nunc
1553 1618 1627 1640 esse
1649 1607 1898 1650 presbiteratus
1927 1607 2085 1647 officium,
2109 1608 2203 1651 quod

376 1660 390 1678 ‘⁶
406 1661 501 1704 prius
518 1661 586 1694 olei
608 1661 782 1702 unctione,
797 1672 890 1694 nunc
914 1672 996 1694 vero
1011 1661 1075 1694 tibi
1090 1667 1142 1694 est
1156 1661 1333 1705 sanguinis
1354 1661 1523 1694 tinctione
1546 1660 1742 1698 comissum3
1761 1666 1795 1693 et
1811 1667 1942 1705 quanto
1965 1661 2075 1694 minus
2097 1660 2204 1694 habes
2266 1675 2270 1678 ·

377 1713 393 1731 “
407 1715 501 1758 quod
524 1715 630 1757 possit
653 1715 792 1754 auferri,
815 1720 910 1748 tanto
933 1715 1044 1747 minus
1066 1715 1189 1747 timeas
1210 1714 1405 1757 predicare,
1429 1724 1495 1757 que
1519 1719 1616 1746 recta
1638 1720 1728 1754 sunt,
1751 1715 1920 1746 seminare
1943 1725 2010 1758 que
2034 1714 2204 1758 centupli-

380 1770 394 1786 ‘⁴
408 1774 485 1800 cata
508 1769 684 1801 redentur.
707 1768 843 1801 Scimus
865 1768 1015 1812 quidem,
1031 1774 1065 1801 te
1081 1768 1125 1801 ab
1141 1768 1290 1801 inimicis
1312 1773 1429 1800 sancte
1445 1768 1594 1801 ecclesie
1617 1778 1753 1810 semper
1774 1767 1942 1800 inimicari
1957 1773 2061 1811 atque
2084 1767 2203 1812 affiigi;
2237 1783 2239 1786 ·

379 1823 394 1839 ‘⁴
407 1822 469 1854 sed
485 1828 521 1854 tu
537 1832 580 1854 ne
597 1831 656 1854 eos
678 1822 809 1860 timeas,
833 1831 946 1865 neque
970 1821 1188 1864 perterearis‚
1212 1822 1292 1864 quia
1314 1832 1376 1854 nos
1391 1826 1461 1854 tam
1487 1827 1529 1859 te,
1546 1831 1648 1864 quam
1670 1827 1729 1853 tua
1746 1821 1860 1853 omnia
1875 1821 1937 1854 sub
1953 1827 2071 1854 nostra
2086 1827 2121 1854 et
2143 1820 2207 1854 sub
2237 1832 2239 1834 ·

379 1874 598 1917 “apostolice
621 1875 713 1907 sedis
736 1875 856 1908 tutella
879 1886 957 1908 cum
980 1885 1104 1918 magna
1128 1875 1271 1908 caritate
1302 1881 1467 1907 tenemus.
1513 1874 1558 1907 Et
1581 1874 1610 1906 si
1633 1873 1668 1905 in
1693 1873 1863 1917 aliquibus
1885 1874 1951 1906 tibi
1974 1873 2205 1907 necessarium

379 1929 393 1945 ‘⁴
406 1928 511 1961 fuerit
534 1928 758 1971 apostolicam
780 1929 897 1960 sedem
920 1929 1071 1971 apellare
1095 1929 1334 1966 concedimus;
1359 1934 1394 1960 et
1416 1928 1444 1960 si
1467 1928 1513 1960 ad
1529 1938 1591 1960 nos
1622 1933 1657 1960 et
1679 1927 1724 1959 ad
1747 1927 1863 1960 sedem
1885 1933 2037 1960 nostram
2058 1926 2206 1966 veneris,
2240 1964 2241 1967 Ἴ

381 1983 395 1998 “
409 1991 486 2013 cum
502 1982 629 2024 gaudio
653 1987 688 2014 et
710 1992 836 2025 magno
860 1982 989 2014 honore
1013 1982 1188 2024 suscipere
1211 1982 1324 2024 parati
1355 1991 1469 2014 sumus
1483 2004 1511 2022 „.
1558 1980 1634 2013 Hiis
1664 1980 1835 2023 perlectis,
1861 1980 2082 2019 Grosulanus,
2105 1979 2205 2022 quasi
2232 1973 2239 2007 j

376 2034 479 2067 vellet
503 2035 690 2074 destruere,
713 2034 862 2078 sigillum
878 2034 1015 2068 strinxit
1038 2041 1071 2067 et
1087 2045 1174 2077 capa
1189 2045 1250 2067 sua
1266 2034 1359 2067 texit.
1405 2034 1490 2066 Inde
1507 2034 1677 2076 presbiter
1692 2044 1751 2066 seu
1774 2034 1861 2066 irato
1877 2034 1992 2066 animo
2014 2044 2088 2066 rem
2110 2042 2207 2066 suam
2235 2035 2249 2049 ³

376 2087 534 2131 quesivit,
557 2093 590 2120 et
611 2088 821 2132 requirendo
845 2088 1035 2121 Grosulano
1059 2087 1117 2127 ait,
1141 2088 1204 2120 nisi
1227 2088 1377 2131 sigillum
1401 2094 1435 2120 et
1458 2093 1590 2120 cartam
1613 2087 1680 2120 sibi
1702 2087 1835 2119 illesam
1858 2087 2008 2125 rederet,
2031 2087 2207 2119 civitatem
2271 2078 2274 2082 ’

375 2146 481 2173 totam
505 2141 586 2173 inde
610 2148 853 2174 commoveret.
899 2141 945 2174 Et
968 2147 1063 2174 carta
1085 2140 1233 2184 sigillata
1256 2147 1290 2173 et
1320 2141 1427 2173 inlesa
1449 2141 1515 2173 sibi
1545 2141 1668 2179 redita,
1699 2139 1874 2179 Arialdus,
1899 2140 1980 2173 abas
2002 2139 2203 2173 monasterii
2283 2167 2285 2170 .

376 2193 412 2226 S.
436 2193 595 2232 Dionisii‚
618 2204 770 2227 seorsum
793 2193 1020 2236 presbiterum
1044 2194 1130 2226 fecit
1153 2194 1236 2226 etin
1252 2204 1423 2227 cameram
1439 2193 1545 2232 duxit,
1564 2199 1667 2237 atque
1690 2193 1782 2225 inter
1796 2194 1902 2226 multa
1924 2193 2052 2227 blanda
2073 2192 2206 2236 presbi-
2235 2185 2236 2188 ⁴

375 2253 451 2280 tero
475 2247 532 2284 ait,
554 2253 592 2279 ut
613 2258 750 2280 manum
766 2247 984 2280 obedientiae
1003 2247 1196 2280 Grosulano
1213 2248 1321 2280 daret.
1367 2247 1438 2280 Sed
1453 2247 1624 2289 presbiter
1646 2247 1731 2289 ipse,
1755 2246 1938 2279 exaltando
1962 2253 1996 2279 et
2010 2246 2204 2280 reiterando
2238 2254 2244 2272 ,-

374 2310 507 2338 vocem‚
537 2300 668 2344 inquit:
704 2299 872 2333 “Manum
902 2299 1127 2334 obedientie?
1157 2311 1294 2333 manum
1325 2299 1551 2333 obedientie?
1584 2300 1652 2332 Per
1673 2301 1845 2332 viventem
1866 2300 1902 2332 in
1933 2310 1990 2332 sae
2021 2299 2110 2338 cula,
2140 2309 2207 2333 nec
2248 2319 2249 2322 =

382 2353 583 2386 “minimum
607 2353 751 2397 digitum
774 2364 894 2386 manus
916 2364 992 2386 mee
1016 2354 1133 2386 darem
1150 2364 1213 2396 pro
1236 2354 1303 2386 hac
1319 2365 1356 2386 re
1370 2377 1398 2396 „.
1446 2352 1554 2391 Quod
1577 2364 1654 2386 cum
1678 2353 1829 2386 audisset
1846 2358 2037 2386 conventus
2059 2352 2206 2386 clerico·
2242 2354 2249 2374 Ψ

376 2418 463 2446 rum,
486 2407 544 2450 qui
568 2407 683 2440 adhuc
708 2407 827 2440 aderat
850 2408 885 2440 in
907 2406 1062 2450 palati0‚'
1087 2407 1134 2440 ait
1156 2407 1248 2440 intra
1270 2418 1325 2440 se:
1355 2408 1449 2440 “hoc
1465 2407 1667 2440 conscilium
1690 2417 1760 2439 non
1783 2412 1835 2439 est
1856 2407 1892 2438 in
1914 2406 2116 2447 scilentio„.
2161 2405 2206 2439 Et
2246 2439 2249 2443 ,

378 2471 455 2492 cum
486 2459 570 2492 abas
592 2466 628 2493 et
649 2460 817 2503 presbiter
840 2470 1010 2493 cameram
1035 2460 1197 2500 exissent,
1227 2466 1262 2493 et
1291 2460 1574 2503 archiepiscopus
1604 2460 1739 2504 signum
1771 2459 1983 2492 dissolvendi
2005 2459 2208 2492 conscilium
2238 2487 2246 2490 ,γ

374 2513 539 2552 dedisset,
562 2513 733 2556 presbiter
748 2513 811 2546 sibi
828 2513 1020 2546 scilentium
1036 2513 1162 2546 indixit
1178 2519 1213 2546 et
1227 2514 1434 2546 audientiam
1458 2514 1588 2552 habuit,
1611 2514 1744 2546 dicens:
1773 2513 1787 2529 ‘⁶
1803 2513 1856 2545 Ne
1879 2512 2078 2545 scandalum
2099 2512 2136 2544 in
2151 2521 2205 2544 me

379 2566 393 2583 “
407 2566 552 2609 faciatis,
568 2566 699 2606 scitote,
715 2577 792 2610 ego.
806 2589 814 2598 .
827 2589 836 2599 .
848 2590 856 2599 .
880 2567 916 2600 in
939 2577 1016 2600 meo
1039 2567 1163 2606 officio,
1179 2567 1368 2600 secundum
1392 2568 1486 2610 quod
1502 2568 1576 2610 ipse
1599 2566 1786 2600 servaverit
1802 2577 1856 2598 me
1871 2566 1907 2598 in
1921 2576 1982 2599 suo
1996 2589 2025 2606 „.
2070 2565 2116 2598 Et
2130 2563 2205 2598 talli
2246 2579 2253 2598 .·

376 2625 496 2652 tenore
518 2619 656 2662 prebuit
678 2630 815 2652 manum
841 2621 1046 2654 Grosulano.

465 2765 491 2790 9.
509 2758 537 2783 11
554 2758 709 2784 rubricatam
727 2759 755 2783 di
772 2759 802 2783 H
819 2761 887 2791 pone
904 2759 935 2784 in
953 2759 1070 2792 margine
1088 2759 1170 2785 Bulle
1188 2759 1356 2792 exemplum.
1393 2759 1434 2789 Cf.
1450 2758 1548 2791 Jnrrss,
1570 2759 1631 2791 Reg.
1651 2759 1684 2784 P.
1703 2759 1747 2787 R„
1766 2766 1793 2783 n.
1807 2764 1877 2790 5744
1897 2757 1987 2790 (43⁰9)
2009 2757 2160 2783 maaca
2172 2770 2204 2776 —
2249 2755 2251 2758 ⁴

376 2808 419 2833 43.
440 2820 446 2826 .
457 2817 482 2826 ..
493 2800 512 2832 .]
533 2801 555 2826 lo
574 2801 664 2833 parole
683 2801 726 2826 che
744 2809 874 2827 mancam
892 2802 936 2827 mi
955 2802 1026 2827 codd.
1046 2802 1154 2827 secondo
1172 2801 1194 2827 it
1211 2803 1293 2827 Sassx
1310 2801 1456 2834 potrebbero
1474 2809 1555 2827 essere
1574 2802 1693 2827 servabo
1713 2809 1775 2826 eum

465 2896 472 2912 ¹
493 2897 632 2931 Gregorio
646 2899 698 2924 VII
711 2906 800 2924 aveva
816 2901 930 2924 inviato
943 2900 1008 2932 quel
1020 2900 1104 2925 breve
1118 2908 1133 2925 a
1147 2899 1266 2932 Llpran-
1321 2901 1397 2924 stato
1416 2900 1538 2924 rlmosso
1557 2899 1604 2924 dal
1624 2899 1730 2924 servire
1750 2898 1888 2923 all’altare
1907 2898 1938 2923 ln
1957 2905 2040 2923 causa
2059 2897 2134 2922 delle
2152 2904 2210 2922 mu·

377 2940 413 2965 do
432 2947 480 2972 per
500 2941 709 2973 congratularsl
728 2949 782 2966 con
802 2942 843 2966 lui
864 2942 894 2967 dl
913 2943 1019 2974 quanto
1040 2950 1128 2967 aveva
1153 2942 1267 2967 sofferto
1321 2942 1455 2967 tilazioni
1476 2943 1525 2967 che
1551 2942 1703 2967 avrebbero
1725 2943 1829 2975 potuto
1854 2942 2002 2966 costituire
2027 2948 2064 2965 un
2091 2938 2208 2973 impedi·
