2288 3476
207 938 280 961 Mum,
296 942 335 962 499

217 1209 238 1226 c.
251 1204 299 1228 87r

192 2210 268 2234 Mun„
284 2215 323 2234 5⁰0

340 2839 371 2856 10

497 343 549 374 41.
576 364 609 367 —
639 343 715 385 Ego
739 341 855 384 itaque
879 350 1015 374 merens
1039 341 1083 373 de
1106 341 1172 373 hac
1194 340 1384 374 intrusione
1409 347 1443 374 et
1465 342 1576 374 omnis
1599 341 1828 375 ecclesiastici
1850 342 2005 376 benefitii
2031 349 2064 376 et
2087 343 2169 376 offi-
2197 365 2199 367 ·

406 407 461 428 me
485 396 578 428 facta
603 395 844 437 expoliatione,
867 394 915 426 ivi
939 393 984 426 ad
1007 394 1189 437 synodum,
1212 404 1313 437 quam
1337 404 1429 436 papa
1451 393 1605 427 Pascalis
1627 405 1691 438 pro
1707 405 1811 428 causa
1828 395 2010 429 Grosulani
2034 402 2069 429 et
2082 397 2197 438 Yon

408 449 522 481 Rome
547 447 737 480 celebravit
752 446 772 479 ¹.
819 447 857 478 In
882 457 951 490 qua
974 446 1191 488 supradictus
1214 445 1398 478 Anselmus
1428 447 1471 479 de
1503 447 1658 480 Pusterla
1689 448 1878 480 secundum
1909 459 2003 481 suam
2035 449 2167 494 dignita

406 502 586 534 honestum
613 501 724 532 locum
748 500 868 532 habuit
884 505 919 532 et
941 499 1047 536 sedit;
1064 500 1127 531 sed
1143 509 1255 542 neque
1271 510 1335 542 pro
1352 500 1546 533 Grosulano
1563 510 1678 544 neque
1694 501 1861 533 adversus
1876 501 2078 534 Yordanum
2094 513 2172 535 ver·
2188 504 2209 541 J

407 555 533 587 bonum
557 559 614 586 aut
643 553 769 585 malum
792 553 830 585 in
853 553 988 596 synodo
1020 552 1173 594 protulit.
1220 553 1408 585 Yordanus
1438 563 1521 586 vero
1545 564 1565 585 a
1587 553 1759 596 principio
1781 554 1905 598 synodi
1935 564 2044 598 usque
2067 555 2102 588 in
2125 555 2204 588 fin·=

405 608 530 640 sedens
547 612 581 639 et
605 606 730 638 scilens
746 617 766 638 a
783 606 919 638 destera
943 605 1127 648 apostolici
1143 606 1237 638 nullo
1260 606 1446 645 mediante,
1468 607 1505 638 in
1521 606 1595 649 ipsa
1610 607 1745 650 synodo
1769 607 1846 640 tuit.
1891 606 1940 641 At
1963 607 2182 642 Grosulanun'
2198 599 2207 631 ³⁴

405 661 528 693 stando
553 665 587 692 et
602 660 757 692 sedendo
773 659 861 692 inter
877 659 1162 702 archiepiscopos
1179 665 1213 692 et
1235 660 1427 702 episcopos,
1450 670 1513 692 ceu
1526 660 1582 692 vir
1598 661 1760 702 prudens,
1784 660 1984 695 intendebat
1999 662 2044 695 ad
2059 661 2175 696 desti-u
2185 685 2190 689 -
2248 702 2250 707 λ

405 715 483 746 dam
508 713 667 745 Yordani
690 712 947 755 impositionem
971 718 1006 745 et
1036 712 1323 745 eonversionem²
1353 723 1471 746 eorum
1496 713 1556 756 qui
1586 713 1696 756 ipsam
1720 713 1879 746 fecerant
1907 706 2193 758 impositionemts
2247 709 2249 711 ¹

402 766 617 799 intendendo
634 764 679 798 ad
694 766 768 803 ista,
786 765 927 808 egregie
942 765 1147 809 loquebatur
1165 766 1209 798 de
1225 766 1394 808 positione
1411 773 1444 798 et
1459 766 1680 799 restitutione
1695 777 1767 806 sua,
1784 777 1851 810 qua
1866 767 1998 810 positus
2013 773 2050 800 et
2063 767 2162 802 resti·
2182 773 2196 807 -j
2248 759 2250 770 ⁵

405 820 470 851 fuit
492 819 528 850 in
551 818 807 851 Mediolanensi
832 819 993 851 ecclesia.
1040 818 1107 851 Cui
1124 818 1199 851 viro
1222 819 1326 851 homo
1342 819 1402 861 qui
1417 819 1454 851 in
1470 819 1535 852 ista
1551 819 1686 863 synodo
1702 819 1776 852 sive
1790 819 1826 852 in
1842 820 2088 853 Lateranensis
2111 831 2147 864 p
2187 839 2191 856 ;

405 872 666 910 contradixerit,
690 878 821 905 certum
846 872 959 905 locum
983 881 1052 904 non
1075 871 1207 904 habuit.
1255 872 1327 905 Sed
1343 871 1501 905 dominus
1524 883 1616 916 papa
1632 872 1796 912 Pascalis,
1820 873 1918 916 quasi
1934 874 2103 907 affectans
2117 885 2169 908 re·
2191 899 2193 901 -
2249 866 2252 877 ⁴

402 927 496 958 illum
520 925 727 968 placabilem
752 926 826 958 Deo
851 931 886 959 et
909 925 984 964 sibi,
1008 925 1080 968 ejus
1103 925 1282 958 scientiam
1299 925 1443 969 ejusque
1459 926 1660 959 facundiam
1677 926 1959 964 comendabat⁸;'
1974 933 2078 970 atque
2094 927 2164 960 lan

406 990 492 1023 quos
513 980 588 1022 ipse
611 990 703 1022 papa
726 990 790 1022 per
813 989 850 1012 se
873 989 1022 1022 suosque
1046 979 1180 1022 legatos
1204 979 1318 1012 Rome
1341 985 1376 1012 et
1400 990 1462 1022 per
1485 980 1795 1023 Longobardorum
1827 980 2040 1023 provinciam
2070 990 2134 1024 pro
2186 1001 2192 1019 ·.

403 1034 596 1066 Grosulano
618 1033 836 1071 sustinuerat,
860 1043 978 1066 coram
1001 1033 1135 1077 synodo
1158 1033 1346 1066 referebat.
1391 1033 1437 1065 Et
1468 1033 1513 1065 ad
1543 1033 1740 1066 leniendam
1772 1034 1933 1066 duritiam
1963 1040 1998 1067 et
2021 1035 2199 1077 asperima.¹⁴
2251 1034 2254 1046 ¹

403 1097 533 1125 eorum,
556 1086 615 1129 qui
639 1096 703 1119 nec
725 1086 931 1129 positionem
953 1097 1021 1119 nec
1053 1085 1308 1118 restitutionem
1339 1087 1523 1119 Grosulani
1553 1092 1777 1129 susceperant
1807 1087 1863 1120 vel
1893 1087 2139 1130 suscipiebant,
2177 1105 2192 1117 ⁴,
2254 1129 2255 1132 Ἴ

403 1139 512 1172 solum
535 1140 578 1173 de
596 1139 789 1182 presbitero
811 1139 995 1182 Liprando
1011 1140 1154 1184 ejusque
1169 1140 1249 1183 lege
1272 1139 1483 1173 mentionem
1506 1139 1670 1179 faciebat,
1694 1140 1756 1172 sed
1773 1140 1907 1173 ruinam
1923 1140 2086 1184 gambute
2098 1140 2110 1159 ⁴
2131 1139 2206 1174 mv?
2253 1145 2256 1191 ᾖ

401 1192 563 1231 ducebat,
586 1202 654 1236 que
668 1193 768 1225 ruina
782 1198 865 1225 tunc
882 1193 1031 1235 aparuit,
1055 1193 1195 1236 quando
1210 1193 1284 1235 ipse
1301 1192 1514 1226 Grosulanus
1526 1192 1669 1237 juravit'
1686 1198 1722 1226 et
1736 1194 1972 1236 recipiendam
1988 1194 2152 1227 restituti·
2169 1211 2174 1222 ·

400 1247 569 1279 ascendit.
615 1246 758 1288 Insuper
781 1246 965 1286 inferebat,
990 1245 1086 1289 quod
1110 1246 1294 1278 Grosulani
1317 1246 1495 1278 translatio
1521 1247 1565 1278 de
1588 1246 1792 1289 episcopatu
1816 1247 1984 1280 Saonensi
2007 1246 2052 1280 ad
2067 1244 2199 1281 archis
2254 1241 2256 1246 ⁸

401 1305 581 1342 scopatum
606 1299 902 1332 Mediolanensem
925 1299 1110 1332 utilitatem
1134 1309 1203 1331 non
1224 1300 1430 1334 contulerat.
1478 1298 1578 1337 Quos
1602 1309 1701 1332 casus
1727 1300 1939 1333 Grosulanus
1955 1311 1976 1333 a
1991 1300 2108 1343 clipeo
2123 1294 2210 1335 em?

401 1353 538 1386 siastice
567 1353 826 1386 consuetudinis
850 1359 884 1385 et
900 1352 987 1396 legis
1004 1363 1021 1385 a
1039 1363 1075 1385 se
1092 1353 1347 1396 quodammodo
1370 1353 1574 1395 repellebat.
1621 1353 1869 1387 Verumtamen
1885 1354 2044 1387 dominus
2066 1365 2158 1397 papa
2255 1344 2257 1351 ’

402 1407 554 1451 synodus
576 1417 689 1449 neque
712 1407 749 1438 in
765 1406 886 1449 prima,
909 1417 1023 1450 neque
1038 1407 1074 1438 in
1091 1406 1257 1449 secunda,
1281 1416 1394 1449 neque
1417 1407 1452 1438 in
1470 1407 1570 1439 tertia
1593 1407 1666 1440 sive
1681 1407 1717 1439 in
1733 1413 1856 1450 quarta
1879 1408 1938 1440 die
1960 1408 2085 1452 synodi
2110 1409 2142 1442 G
2168 1424 2183 1437 ι
2256 1406 2257 1414 ’

405 1460 494 1498 lano,
518 1470 580 1502 per
595 1459 747 1503 singulos
770 1460 846 1492 dies
862 1470 925 1502 pro
941 1470 977 1492 se
1000 1470 1131 1503 suaque
1154 1470 1259 1492 causa
1273 1460 1309 1492 in
1333 1459 1465 1502 palatio
1482 1466 1516 1492 et
1538 1461 1673 1503 synodo
1696 1460 1824 1505 agenti,
1848 1471 1917 1493 non
1940 1461 2120 1495 satisfecit.
2196 1464 2203 1501 J

401 1514 475 1556 ipse
501 1514 712 1546 Grosulanus
734 1513 771 1545 in
794 1513 915 1556 quinta
939 1513 1008 1552 die,
1024 1513 1084 1556 qui
1100 1513 1168 1545 fuit
1183 1513 1321 1545 ultimus
1343 1513 1435 1546 illius
1450 1513 1586 1557 synodi,
1611 1513 1817 1556 apostolico,
1839 1514 1981 1547 instanti
1996 1515 2049 1547 sui
2065 1525 2143 1548 cum
2167 1532 2175 1544 ·
2257 1545 2258 1556 ζ

401 1567 504 1600 dictis
519 1558 782 1606 obiectionibus,
805 1566 921 1599 flendo
945 1566 1072 1609 inquit:
1103 1568 1117 1584 ‘⁶
1133 1566 1290 1606 Domine,
1313 1566 1465 1604 domine,
1482 1566 1616 1598 veniam
1633 1567 1680 1599 ad
1696 1577 1767 1606 vos,
1791 1568 1948 1610 quamvis
1962 1567 2012 1600 hii
2029 1568 2154 1611 quibus
2183 1586 2202 1602 ·.

403 1623 418 1638 “
431 1621 512 1652 disti
534 1626 740 1663 potestatem
763 1619 944 1652 iudicandi
967 1630 1123 1652 caussam
1147 1630 1268 1658 meam,
1285 1629 1340 1652 me
1355 1630 1425 1652 non
1441 1619 1590 1663 diligant
1602 1644 1633 1659 ,μ
1679 1620 1780 1653 Tunc
1804 1620 2008 1654 Portuensis
2023 1621 2146 1655 Petrus
2160 1624 2218 1656 eu‘

398 1683 525 1716 scopus
540 1685 576 1706 se
594 1679 629 1706 et
643 1679 788 1712 ceteros,
805 1673 973 1706 habentes
996 1673 1087 1705 hanc
1103 1678 1320 1716 potestatem,
1345 1673 1388 1706 de
1404 1673 1639 1706 malivolentia
1661 1673 1781 1706 habita
1795 1674 1831 1706 in
1848 1674 2078 1707 Grosulanum
2093 1675 2182 1708 hon
2202 1667 2214 1712 'ss

400 1733 434 1759 et
449 1726 660 1760 sufficienter
682 1727 875 1765 excusavit;
900 1731 935 1759 et
958 1738 1036 1759 cum
1061 1732 1269 1765 excusasset,
1292 1727 1327 1759 in
1351 1727 1526 1760 communi
1549 1727 1737 1759 concordia
1759 1727 1852 1760 illius
1876 1729 2072 1762 excusantis
2094 1734 2130 1762 et
2145 1739 2200 1763 cm

397 1791 525 1818 rorum,
548 1780 750 1813 habentium
773 1785 979 1823 potestatem
1002 1780 1113 1820 istam,
1143 1781 1279 1822 prolata
1301 1780 1368 1812 fuit
1390 1780 1574 1820 sententia,
1597 1791 1664 1823 que
1687 1780 1875 1823 prohibuit,
1907 1781 2137 1814 Grosulanum

397 1834 634 1867 diolanensem
664 1833 848 1866 ecclesiam
875 1833 1082 1876 inquietare,
1106 1839 1140 1865 et
1162 1834 1209 1866 ad
1233 1832 1493 1876 episcopatum⁵
1516 1832 1607 1866 dixit
1630 1834 1664 1866 ei
1686 1834 1813 1866 redire.
1859 1834 1937 1877 Ipse
1961 1840 2075 1868 autem
2097 1845 2168 1868 non
2259 1874 2261 1882 ἲ

398 1887 546 1920 Saonam
562 1887 635 1925 ivit,
651 1887 714 1919 sed
729 1887 765 1918 in
780 1887 856 1929 ipsa
872 1886 968 1919 Urbe
985 1887 1078 1929 apud
1101 1886 1364 1926 Monasterium,
1380 1887 1474 1930 quod
1491 1887 1621 1919 dicitur
1643 1886 1792 1920 Sanctus
1816 1887 1971 1921 Sabaoth
1983 1887 2007 1928 ⁶,
2029 1899 2092 1931 per
2108 1899 2190 1922 ann·
2208 1891 2210 1893 ’
2260 1891 2261 1894 ’

396 1951 499 1973 unum
523 1946 558 1973 et
581 1951 715 1973 menses
738 1946 887 1984 quatuor
909 1946 946 1972 ut
970 1940 1155 1983 episcopus
1177 1940 1276 1980 vixit,
1299 1946 1403 1983 atque
1427 1940 1474 1973 ibi
1498 1941 1652 1983 sepultus
1677 1947 1728 1974 est
1751 1942 1768 1973 8
1793 1941 1872 1975 idus
1893 1941 2038 1986 augusti.
2219 1935 2220 1938 ¹
2260 1942 2262 1950 ⁴

486 2040 538 2070 42.
561 2057 594 2061 —
613 2038 786 2081 Jordanus
801 2048 898 2077 vero,
914 2038 1030 2070 audita
1045 2044 1079 2070 et
1103 2037 1279 2080 publicata
1293 2038 1354 2070 illa
1370 2038 1542 2070 sententia
1558 2039 1602 2071 de
1619 2039 1798 2071 redeundo
1823 2039 2018 2073 Grosulano
2033 2040 2079 2072 ad
2103 2040 2210 2083 epm»

399 2098 529 2134 patum,
554 2102 671 2125 coram
694 2092 768 2134 ipsa
790 2091 915 2124 sinodo
939 2090 1133 2124 theatrum⁷
1157 2092 1330 2129 aseendit;
1348 2098 1382 2124 et
1404 2091 1452 2124 ibi
1477 2092 1521 2124 ad
1536 2093 1646 2134 pedes
1670 2093 1855 2134 apostolici
1878 2098 2017 2132 stratus,
2032 2099 2150 2137 grates
2177 2088 2215 2121 5*
2262 2131 2263 2134 Ἰ

399 2145 539 2184 redidit,
556 2151 590 2178 et
605 2146 760 2178 elevatus
775 2145 819 2177 ab
836 2145 911 2186 ipso
927 2144 1132 2187 apostolico,
1155 2145 1301 2188 gratiam
1317 2151 1351 2177 et
1373 2145 1506 2188 virgam
1529 2145 1764 2188 pontificalem
1780 2146 1814 2176 in
1830 2146 1906 2188 ipso
1923 2146 2059 2180 theatro
2075 2155 2207 2181 susce
2261 2139 2264 2170 ἕ

399 2198 522 2231 Altera
535 2209 614 2231 sero
631 2198 687 2230 die
703 2197 794 2240 ipse'
810 2197 997 2230 Yordanus
1020 2198 1314 2240 archiepiscopus,
1338 2199 1488 2230 monitus
1510 2209 1530 2230 a
1545 2198 1754 2241 Landulpho
1778 2197 1918 2232 Astensi
1933 2199 2098 2243 episcopo
2113 2205 2147 2233 et
2161 2194 2218 2244 qs

398 2251 542 2284 busdam
565 2251 640 2284 aliis
662 2251 846 2294 episcopis,
862 2252 898 2283 in
924 2251 1073 2294 quadam
1099 2251 1249 2284 ecclesia
1271 2250 1509 2289 Lateranensi,
1531 2251 1613 2284 vivo
1630 2257 1665 2284 et
1689 2252 1848 2294 deposito
1871 2252 2046 2296 quondam
2069 2253 2214 2304 episcop
2263 2289 2265 2292 ,

488 2370 530 2396 32.
549 2363 636 2387 XXX.
654 2362 794 2395 Jordanus
811 2365 882 2395 papa
900 2362 1000 2395 gratias
1013 2369 1101 2395 agens,
1119 2362 1273 2395 episcopum
1291 2362 1455 2388 Brisiensem
1474 2364 1613 2394 consecrat,
1632 2363 1786 2395 promittens
1803 2363 1932 2395 hystorico
1950 2363 2081 2390 iustitiam
2099 2363 2183 2396 lacon
2206 2355 2210 2373 v*
2263 2355 2265 2372 ἶ

485 2455 529 2480 30.
547 2447 685 2480 Sabaoth]
704 2446 725 2472 il
744 2447 825 2472 SASSl
843 2454 958 2479 corregge
976 2447 1068 2473 Sabba

487 2535 496 2552 ¹
517 2535 627 2564 Questo
647 2536 772 2560 concilio
792 2536 822 2560 fu
843 2536 985 2561 celebrato
1003 2543 1019 2560 a
1038 2535 1129 2560 Roma
1149 2536 1196 2560 dal
1217 2535 1233 2559 6
1251 2536 1290 2560 al-

398 2579 450 2603 1’11
473 2586 566 2603 marzo
588 2578 665 2604 1116.
702 2579 834 2603 Parecchl
856 2579 964 2603 concili
978 2579 1083 2603 turono
1097 2579 1229 2604 celebrati
1245 2579 1290 2603 nel

398 2621 540 2646 Laterano
560 2623 658 2646 avanti
681 2622 701 2646 il
722 2620 811 2646 Cone.
830 2621 927 2646 Ecum.
947 2622 1040 2646 Later.
1053 2621 1066 2646 Ι
1079 2621 1187 2653 (marzo
1204 2620 1291 2654 1123).

487 2663 498 2680 ²
517 2662 590 2689 Cioe
615 2664 774 2689 defezione.

485 2705 496 2721 ⁸
516 2707 539 2731 11
554 2707 683 2732 Baronio
698 2706 786 2740 (anno
802 2706 880 2737 1116)
895 2707 923 2731 fa
937 2708 1037 2739 questo
1051 2707 1161 2739 elogio:
1179 2706 1192 2720 ¹‘
1204 2707 1293 2740 Chry-

399 2749 413 2762 “
423 2749 541 2774 solanus
559 2747 763 2782 [Grossolanol
781 2749 925 2774 Ecclesiae
938 2749 1163 2774 Mediolanensis
1176 2749 1293 2774 Archle-

399 2790 568 2824 “piscopus,
588 2792 634 2816 vir
654 2792 684 2816 in
704 2791 824 2816 Divinis
842 2791 994 2824 seripturis
1020 2792 1241 2821 erudstissimus,
1266 2793 1294 2816 et

399 2833 413 2847 ‘⁴
424 2834 454 2858 in
474 2834 666 2858 saecularibus
685 2834 779 2858 literis
799 2834 936 2859 nobiliter
955 2834 1064 2863 doctus,
1078 2832 1187 2859 Graeca
1199 2835 1227 2859 et
1239 2834 1293 2858 La-

399 2876 413 2889 ¹‘
424 2877 486 2900 tina
499 2876 666 2908 eloquentia
682 2877 806 2908 insignis
816 2876 910 2901 edidit
922 2877 1060 2908 quaedam
1071 2884 1189 2909 magnae
1198 2879 1293 2902 aucto-

399 2917 413 2931 ¹‘
424 2918 520 2942 ritatis
540 2918 686 2950 opuscula,
706 2918 808 2949 quibus
829 2926 931 2943 nomen
946 2926 1027 2944 suum
1045 2918 1082 2943 ad
1095 2919 1230 2943 notitiam
1243 2926 1292 2952 po-

398 2958 412 2972 “
423 2961 563 2984 steritatis
583 2961 753 2990 transmisit,
772 2961 806 2985 de
820 2961 922 2992 quibus
936 2962 970 2986 ad
986 2968 1083 2986 manus
1104 2963 1215 2986 nostras
1230 2961 1292 2985 nul-

399 3000 478 3026 “lum
501 3003 633 3034 pervenit
644 3019 669 3035 n·

1434 2536 1560 2562 L‘Oraeio
1579 2537 1609 2562 de
1630 2537 1736 2569 Spiritu
1761 2537 1859 2562 Sancto
1878 2537 1913 2562 aa
1930 2537 1996 2570 imp.
2014 2536 2142 2563 anxium
2189 2550 2193 2558 ‹
2210 2530 2214 2567 ἶ

1345 2586 1443 2603 nanum
1463 2577 1478 2604 e
1496 2580 1661 2612 pubblicata
1681 2580 1757 2604 nella
1774 2579 1929 2611 Patrologia
1946 2579 2046 2605 Gracco
2063 2579 2110 2605 del
2123 2580 2189 2605 Mx
2205 2595 2210 2616 {

1346 2620 1486 2652 CXXVII,
1499 2629 1548 2653 9¹1
1565 2621 1614 2654 (cs.
1627 2622 1729 2653 SAvlo‚
1743 2630 1769 2654 p.
1784 2621 1932 2655 LXXVII).
1953 2622 2008 2647 Nel
2021 2622 2118 2647 Fontes
2129 2622 2152 2647 A
2187 2637 2190 2643 ι
2204 2655 2205 2658 Ἴ

1347 2662 1419 2688 siam·
1438 2662 1510 2695 (vol.
1529 2664 1579 2696 VI)
1598 2665 1761 2689 Amsnocio
1773 2665 1892 2688 Auum
1903 2662 2040 2698 pubbuco
2053 2663 2114 2690 Due
2125 2672 2140 2690 s
2198 2696 2200 2698 v

1347 2705 1441 2731 inediti
1459 2706 1488 2731 di
1506 2706 1595 2731 Pietro
1613 2705 1756 2731 Grosolano
1775 2707 1912 2740 (Firenze,
1931 2705 2061 2738 Olschkl,
2081 2705 2175 2740 1933);

1347 2750 1376 2772 in
1397 2750 1549 2781 proposito
1569 2748 1601 2773 C.
1628 2747 1834 2778 Cnsricmoru,
1857 2749 2050 2774 L’arcivescovo
2073 2748 2126 2775 G-ro

1346 2790 1505 2816 L’Italia
1525 2791 1657 2821 (Milano,
1679 2798 1709 2824 ¹7
1731 2791 1872 2816 dicembre
1893 2790 1980 2824 1933).
2213 2807 2216 2811 ›

1434 2832 1445 2848 ⁴
1463 2834 1487 2858 Il
1506 2834 1650 2868 pastorale
1668 2834 1719 2859 che
1738 2834 1782 2867 gn
1800 2841 1846 2858 era
1866 2834 1995 2867 sfugglto
2015 2834 2045 2859 dl
2064 2841 2157 2860 mano.
2212 2843 2221 2851 2

1433 2875 1444 2891 ⁶
1462 2877 1531 2902 Alia
1550 2877 1614 2902 sede
1634 2877 1796 2910 episcopale
1814 2877 1844 2901 di
1870 2876 1992 2902 Savona.
2203 2901 2206 2903 ,

1434 2917 1445 2935 ⁶
1465 2918 1643 2944 Grossolano
1659 2918 1731 2943 mori
1752 2918 1798 2943 nel
1818 2920 1982 2943 monastero
2001 2919 2030 2944 dl
2044 2918 2100 2944 San
2113 2917 2186 2944 snb·
2199 2919 2210 2950 'v

1347 2961 1438 2985 Roma
1458 2961 1478 2985 il
1498 2960 1515 2985 6
1535 2963 1637 2994 agosto
1659 2966 1736 2992 1117.
2211 2962 2214 2963 ’

1434 3001 1445 3018 ⁷
1463 3002 1487 3027 11
1507 3004 1593 3028 trono
1613 3003 1655 3028 sul
1675 3003 1758 3034 quale
1778 3003 1877 3028 scdeva
1903 3003 1925 3027 il
1945 3009 2026 3035 papa.
