2288 3476
250 784 271 800 c.
284 779 331 798 88r

219 885 294 909 Mun.v
310 890 348 909 501

229 2275 305 2298 Mun„
320 2280 358 2299 5⁰³

356 2881 387 2899 10

416 355 498 377 vero
523 351 640 377 tenere
664 355 717 375 me
741 343 928 380 excusavit,
951 343 1045 382 licet,
1061 342 1157 374 illum
1174 342 1374 375 Rolandum
1392 352 1467 374 esse
1483 342 1674 380 mentitum,
1696 342 1955 385 aprobatissime
1971 343 2076 376 novit.
2121 343 2177 378 At*

417 398 521 440 longe
544 398 653 440 magis
675 396 840 435 solicitus,
865 396 971 428 altera
996 396 1053 427 die
1077 396 1158 427 veni
1181 395 1215 426 in
1240 395 1363 434 locum,
1387 395 1447 438 qui
1471 395 1600 428 dicitur
1623 395 1781 428 Brorium
1812 396 2066 439 archiepiscopi
2081 395 2110 435 ¹3
2131 397 2191 431 ibi

417 461 495 482 cum
520 456 674 482 tenerem
697 459 837 481 crucem
861 455 896 481 et
918 449 1042 491 pignus
1059 449 1091 479 in
1109 448 1268 480 manibus
1293 447 1375 480 meis
1398 455 1432 481 et
1447 459 1510 490 pro
1526 448 1655 491 justitia
1678 448 1785 480 michi
1809 450 2050 483 conservanda
2072 460 2194 494 quere·

419 503 628 535 audientiam
651 502 695 534 ab
716 502 792 544 ipso
816 501 985 533 Yordano
1009 507 1043 533 et
1067 506 1194 533 cuncto
1218 501 1348 543 populo
1371 501 1420 533 ibi
1444 501 1565 533 timore
1591 502 1690 534 ruine
1721 501 1946 534 maceriarum
1970 509 2183 547 congregato

415 557 550 588 missam
566 562 600 587 et
615 555 889 597 predicationem
913 554 1059 592 audiret,
1083 554 1173 587 idem
1196 554 1382 586 Yordanus
1397 554 1433 586 in
1448 565 1502 587 me
1519 555 1661 587 abusive
1679 555 1858 588 clamavit:
1888 557 1903 572 “
1915 555 2134 598 Landulphe,
2150 557 2184 589 h·

772 608 843 641 Sed
867 614 902 640 et
934 618 1012 641 cum
1042 607 1198 646 vidisset,
1229 608 1394 650 populum
1418 614 1453 640 et
1472 614 1610 652 gentem
1632 609 1707 640 fere
1731 614 1838 641 totam
1860 609 2040 641 intendere
2064 609 2110 642 sd
2142 624 2177 637 <v

416 673 535 700 meam,
551 661 707 704 prosiluit
723 661 768 693 de
786 661 954 694 cathedra
971 671 1049 693 cum
1063 661 1192 699 furore,
1209 661 1343 693 dicens:
1365 661 1426 694 “Si
1441 661 1537 693 illum
1554 661 1743 700 audieritis,
1758 671 1814 694 me
1830 671 1898 694 non
1915 662 2064 695 audietis
2078 685 2107 704 ,μ
2193 658 2195 665 ’

414 715 562 746 furentis
585 714 685 746 turba
709 714 840 756 populi,
864 713 972 747 oblita
995 714 1044 746 sui
1069 713 1170 756 jurati
1184 714 1270 757 juris
1283 713 1304 755 ¹,
1328 714 1535 747 vociferavit
1551 714 1674 746 michi:
1695 717 1710 732 ‘⁶
1725 715 1826 747 Tolle
1850 721 1885 748 et
1908 714 2002 753 hinc,
2025 715 2108 748 tolle
2121 738 2152 756 „.

811 767 883 799 Sed
906 768 964 805 hii,
988 768 1047 810 qui
1071 767 1120 800 ibi
1144 773 1179 799 et
1201 767 1284 799 alibi
1308 777 1431 810 pacem
1454 774 1488 800 et
1512 768 1747 800 remissionem
1772 774 1996 810 peccatorum
2017 773 2086 801 tam
2110 767 2178 802 ἤι’·

413 821 590 863 pontifice,
615 831 716 863 quam
742 831 761 852 a
783 821 1000 864 sufraganeis
1023 825 1096 865 ejus
1120 826 1156 853 et
1179 820 1377 853 consulibus
1399 821 1474 854 eius
1496 828 1733 863 susceperunt,
1756 832 1826 854 non
1849 821 1907 854 diu
1922 822 2167 855 misericordes

423 611 437 626 “
445 608 586 647 diaboli,
609 614 686 641 tace
693 632 707 647 „
716 632 724 640 .

415 768 465 799 eis
487 768 602 810 itaque
626 767 764 800 recessi.

417 875 555 916 pacifici
578 874 689 906 habiti
711 880 800 906 sunt.

502 979 554 1012 45.
579 1001 620 1006 —
643 980 823 1013 Paschalis
838 991 940 1023 papa,
965 981 1009 1013 ad
1026 991 1128 1022 quem
1145 981 1269 1024 religio
1286 986 1322 1013 et
1338 981 1492 1014 remissio
1508 987 1733 1023 peccatorum
1751 988 1832 1014 tunc
1849 981 2041 1024 spectabat,
2055 981 2158 1026 coloq

415 1042 448 1066 et
464 1041 601 1077 tempus
616 1040 709 1067 terre
732 1041 844 1067 motus
860 1045 929 1067 non
951 1035 1042 1066 ultra
1058 1035 1180 1067 decem
1205 1044 1340 1067 menses
1357 1040 1392 1067 et
1415 1034 1595 1067 dimidium
1613 1035 1697 1067 vixit
1708 1034 1731 1068 ³.

414 1089 614 1130 imperator,
638 1088 755 1121 audita
777 1087 951 1131 legatione
976 1089 1224 1126 Romanorum,
1241 1099 1261 1120 a
1276 1088 1542 1120 Taurinensium
1567 1088 1723 1130 partibus
1746 1089 1895 1122 Romam
1919 1089 2015 1121 adire
2038 1088 2193 1121 festina

414 1142 466 1173 Ex
483 1152 551 1184 qua
565 1141 651 1174 urbe
666 1141 769 1173 simul
793 1151 871 1174 cum
895 1142 1064 1174 Romanis
1080 1142 1099 1173 4
1118 1152 1223 1173 nonas
1240 1141 1352 1173 martii
1369 1141 1459 1174 misit
1483 1141 1634 1185 Gagetas
1645 1141 1656 1158 ⁵
1674 1142 1813 1185 legatos,
1839 1142 1987 1185 legando
2009 1141 2160 1186 Johanni
2189 1138 2192 1142 ’

414 1202 553 1238 getano,
576 1194 703 1228 ellecto
725 1195 760 1227 in
783 1205 921 1237 papam,
945 1195 1180 1228 cardinalibus
1204 1205 1341 1238 quoque
1366 1201 1401 1227 et
1424 1195 1608 1237 episcopis,
1632 1195 1784 1239 quicum
1809 1195 1885 1238 ipso
1902 1201 2001 1228 erant
2024 1193 2192 1239 Gayetiffl'

414 1249 562 1281 Romam
585 1249 749 1286 redirent,
774 1254 809 1280 et
830 1249 867 1280 in
892 1248 1043 1281 ecclesia
1066 1248 1158 1280 beati
1175 1248 1268 1280 Petri
1294 1248 1371 1290 hoc,
1390 1249 1484 1291 quod
1500 1248 1702 1281 faciendum
1727 1255 1802 1280 erat
1818 1249 1862 1281 de
1886 1259 1980 1291 papa
2001 1248 2195 1282 substitue·

413 1313 481 1334 una
499 1312 578 1334 cum
592 1302 676 1344 ipsis
688 1301 777 1345 juste
794 1307 829 1334 et
846 1301 1017 1334 catholice
1041 1302 1213 1334 facerent.
1259 1302 1331 1335 Sed
1350 1300 1366 1336 7
1383 1302 1462 1334 idus
1486 1302 1644 1346 ejusdem
1667 1302 1778 1334 martii
1801 1302 1837 1334 in
1854 1301 2008 1334 ecclesia
2029 1301 2127 1334 beati
2148 1301 2201 1335 P·

414 1362 577 1398 presente
598 1356 806 1398 imperatore
829 1355 996 1392 Henrico‚
1021 1362 1056 1387 et
1071 1355 1202 1397 populo
1218 1355 1380 1388 Romano
1404 1355 1570 1398 cleroque
1587 1361 1720 1388 astante
1737 1356 1772 1387 in
1787 1356 1916 1398 aliquo,
1931 1355 2018 1388 illud
2041 1365 2142 1398 respo
2207 1349 2210 1353 ¹

1778 1036 1817 1067 In
1833 1042 1989 1078 tempore
2013 1035 2111 1079 cujus
2132 1046 2189 1068 mr

413 1409 508 1452 quod
532 1409 636 1452 legati
658 1409 876 1451 imperatoris
891 1408 950 1450 [et]
974 1409 1211 1441 Romanorum
1234 1409 1290 1442 vel
1306 1419 1383 1441 cum
1402 1408 1610 1451 eligentibus
1627 1419 1646 1440 a
1661 1409 1902 1452 prenominato
1919 1408 2046 1442 ellecto
2069 1408 2174 1442 audi-
2189 1430 2202 1444 κ,

414 1469 449 1495 et
471 1469 708 1506 susceperunt,
739 1463 888 1505 quodam
920 1463 1025 1495 modo
1049 1463 1195 1494 relatum
1219 1468 1281 1501 est,
1306 1462 1484 1500 videlicet3
1509 1463 1604 1505 quod
1628 1463 1663 1494 in
1685 1463 1840 1505 proximo
1863 1461 2054 1505 septembri
2077 1462 2152 1505 ipse
2184 1481 2196 1489 -

415 1516 651 1550 cardinalibus
673 1522 709 1549 et
731 1517 905 1559 episcopis
926 1516 1182 1558 provinciarum
1200 1516 1392 1548 Mediolani
1416 1516 1472 1548 vel
1487 1516 1659 1549 Cremone
1677 1522 1774 1555 esset,
1799 1522 1834 1548 et
1856 1523 1938 1548 tunc
1962 1515 2114 1548 Rotnani
2134 1521 2169 1548 et

412 1576 564 1612 perator,
588 1563 673 1613 quid
697 1570 869 1614 agendum
887 1569 933 1601 sit
949 1570 994 1601 de
1010 1579 1047 1601 se
1063 1569 1098 1600 in
1115 1579 1241 1611 papam
1257 1569 1430 1607 ellectum,
1447 1569 1503 1600 vel
1520 1568 1635 1601 allium
1659 1569 1948 1608 substituendum,
1971 1579 2036 1612 per
2058 1562 2211 1602 doctrin
2255 1567 2257 1569 ’

413 1622 640 1655 cardinalium
664 1629 699 1655 et
721 1623 965 1665 episcoporum
988 1621 1199 1654 sufficienter
1222 1627 1488 1664 cognoscerent.
1534 1621 1684 1654 Romani
1708 1631 1791 1654 vero
1815 1632 1883 1654 non
1906 1621 2142 1664 illelligentes,
2164 1621 2187 1654 h
2207 1640 2210 1643 -

412 1676 674 1718 responsionem
697 1676 773 1707 fore
797 1675 1014 1707 suffitientem
1031 1680 1066 1707 et
1088 1675 1223 1718 legibus
1239 1680 1273 1707 et
1297 1674 1488 1707 canonibus
1511 1681 1615 1718 atque
1639 1675 1709 1707 suis
1731 1674 1957 1717 petitionibus
1980 1674 2207 1711 convenient-

414 1729 543 1762 comoti
568 1728 821 1761 clamaverunt:
841 1729 855 1745 ‘⁴
874 1727 1052 1770 Numquid
1067 1728 1235 1760 honorem
1253 1728 1366 1760 Rome
1381 1727 1503 1760 volunt
1525 1727 1575 1759 illi
1599 1727 1786 1760 transferre
1803 1726 2003 1760 cremone?
2019 1726 2134 1760 Absit.
2200 1723 2214 1738 *¹

418 1786 479 1815 “ut
494 1782 622 1825 ubique
634 1782 810 1814 valeamus
825 1781 968 1814 astutias
984 1791 1100 1814 eorum
1118 1780 1324 1823 opprimere,
1338 1781 1396 1824 qui
1408 1792 1429 1813 a
1445 1781 1545 1813 nobis
1557 1781 1717 1814 exierunt
1729 1787 1763 1813 et
1778 1780 1917 1824 cajetas
1933 1781 2120 1824 fugierunt,
2132 1790 2169 1814 se
2201 1784 2216 1816 -Ῐ

418 1838 432 1854 “
447 1837 527 1868 dum
549 1835 789 1868 auctoritatem
807 1834 921 1878 legum
937 1841 972 1867 et
995 1844 1166 1867 canonum
1188 1834 1355 1878 eligamus
1377 1834 1477 1867 nobis
1501 1845 1626 1877 papam
1650 1834 1855 1876 prudentem
1880 1840 1914 1866 et
1936 1834 2064 1867 boumn
2077 1857 2108 1874 ,μ
2153 1833 2185 1867 1

411 1889 511 1921 istam
537 1889 591 1922 vel
615 1888 829 1920 consimilem
860 1888 1008 1920 formam
1039 1887 1224 1920 verborum
1255 1887 1493 1920 Romanorum
1518 1887 1680 1931 magister
1710 1887 1922 1920 Guarnerius
1945 1887 1989 1919 de
2012 1886 2171 1920 Bononia
2182 1884 2214 1928 ‘J

411 1943 528 1985 plures
551 1942 639 1985 legis
661 1941 766 1984 periti
792 1941 957 1983 populum
982 1940 1180 1973 Romanum
1204 1941 1249 1973 ad
1272 1940 1474 1984 eligendum
1496 1951 1621 1983 papam
1646 1941 1824 1978 convenit3
1849 1945 1885 1973 et
1907 1940 2050 1983 quidam
2073 1936 2217 1983 expes-s

413 1996 527 2029 lector
549 1996 584 2028 in
606 1995 743 2038 pulpito
768 1994 889 2027 Sancti
914 1993 1011 2026 Petri
1034 2005 1097 2037 per
1127 1994 1298 2036 prolixam
1329 1994 1515 2027 lectionem
1548 1994 1691 2026 decreta
1718 1993 1921 2036 pontificum
1946 1994 1990 2026 de
2014 1993 2220 2034 substituat·

414 2059 506 2091 pape
537 2048 736 2090 explicavit.
783 2046 920 2086 Quibus
951 2047 1115 2090 perlectis
1140 2053 1175 2080 et
1197 2047 1391 2089 explicatis,
1423 2052 1535 2079 tantus
1557 2048 1704 2089 populus
1736 2046 1840 2090 elegit
1863 2047 1900 2078 in
1924 2057 2050 2090 papam
2081 2042 2215 2090 quen'

413 2103 618 2145 episcopum
634 2101 800 2144 Yspanie,
817 2101 876 2145 qui
892 2100 942 2133 ibi
958 2101 1079 2134 aderat
1095 2111 1171 2133 cum
1196 2101 1416 2143 imperatore.

1463 2099 1578 2138 Quem
1602 2100 1763 2132 ellectum
1787 2101 1975 2142 imperator
1999 2099 2097 2132 duxit
2118 2099 2155 2132 in
2187 2091 2215 2146 ·⁵3
2262 2091 2264 2093 ¹

413 2157 532 2199 pitum‚
554 2155 615 2188 ubi
637 2155 711 2198 ipse
735 2155 880 2187 ellectus
903 2155 1196 2199 interrogantibus
1219 2155 1263 2187 de
1287 2154 1426 2186 nomine
1449 2164 1511 2187 suo
1535 2154 1639 2186 dixit:
1669 2153 1815 2186 “Meum
1839 2163 1965 2186 nomen
1989 2159 2042 2186 est
2067 2153 2210 2186 Burdiss'
2263 2155 2265 2157 '

417 2211 432 2227 “
446 2211 509 2242 sed
526 2209 666 2252 quando
680 2219 771 2251 papa
787 2208 949 2241 Urbanus
965 2208 1141 2240 ordinavit
1156 2218 1211 2240 me
1227 2208 1442 2250 episcopum,
1466 2207 1660 2239 nominavit
1676 2218 1730 2239 me
1747 2206 1948 2239 Mauritium
1962 2232 1978 2249 „
1993 2205 2016 2239 ⁷.
2061 2206 2165 2239 Tunc
2188 2217 2217 2251 οἱ

424 2264 503 2296 dam
527 2263 570 2296 de
593 2262 738 2295 indutis'
768 2262 888 2295 habitu
911 2262 1150 2295 ecclesiastico
1174 2262 1218 2294 de
1240 2262 1373 2304 pulpito
1395 2262 1442 2294 ad
1465 2261 1630 2303 populum
1654 2261 1754 2293 tertio
1777 2261 1955 2293 clamavit:
1985 2259 2127 2293 “Vultis
2147 2260 2215 2304 ἀν,

503 2400 543 2418 12.
562 2393 677 2418 XXXII.
695 2393 805 2418 Mortuo
822 2392 949 2417 Paschali
967 2392 1111 2424 imperator
1127 2391 1282 2417 Burdinum
1300 2392 1331 2416 in
1349 2391 1509 2424 antipapam
1527 2391 1589 2423 eligi
1608 2391 1680 2422 facit,
1698 2398 1775 2423 quem
1792 2391 1946 2423 Gregorium
1963 2390 2112 2416 minavit

499 2489 542 2507 20.
562 2482 764 2515 prenominato
782 2479 899 2512 ellecto]
919 2480 940 2506 il
958 2481 1056 2505 Psn‘rz
1075 2480 1220 2513 suggeris-⁶2
1236 2480 1265 2505 di
1284 2480 1393 2512 leggono:
1414 2488 1429 2505 a
1449 2481 1667 2513 praenominato
1686 2481 1776 2505 electo
1797 2480 1841 2504 vel
1860 2487 1923 2504 eum
1942 2480 2114 2512 eligentibus

501 2579 510 2595 ¹
530 2580 583 2604 Del
603 2581 687 2611 prato
705 2579 851 2603 chismate
871 2579 966 2610 Brolo,
985 2587 1000 2603 e
1025 2579 1069 2603 del
1090 2579 1178 2604 Brolo
1198 2578 1310 2603 dell’ar-

413 2623 564 2647 civescovo
585 2622 682 2647 vedast
703 2620 837 2650 Gxuum.
857 2620 892 2651 V,
911 2620 942 2652 83
963 2629 978 2645 e
996 2629 1037 2653 sg-

500 2661 512 2678 ²
530 2663 694 2687 Dimentlca
719 2662 795 2687 della
820 2661 930 2692 liberta,
957 2662 1089 2686 stabilita
1115 2669 1164 2695 per
1190 2663 1307 2690 statuto,

412 2706 441 2730 di
463 2708 544 2738 poter
563 2705 706 2737 chiunque
727 2706 756 2729 in
776 2704 841 2736 quel
861 2705 950 2737 luogo
969 2704 1117 2729 difendere
1141 2705 1164 2730 ss
1188 2705 1308 2738 proprio

414 2748 528 2773 diritto.

502 2788 513 2804 ³
532 2789 671 2821 Pasquale
688 2788 715 2814 11
735 2788 807 2813 morl
827 2789 850 2814 11
871 2795 902 2813 21
924 2789 1048 2821 gennalo
1071 2788 1147 2814 1118.

501 2831 512 2848 ⁴
531 2833 570 2857 La
590 2832 737 2864 legazione
757 2832 807 2856 che
826 2833 1007 2856 annunciava
1025 2831 1051 2856 la
1071 2832 1191 2856 nomina
1210 2830 1239 2855 di
1254 2830 1308 2856 Ge-

413 2875 485 2899 lasio
500 2874 533 2899 11.
571 2874 759 2904 Exmfflsnm,
781 2874 877 2899 Chron.
896 2873 1014 2906 (varz,
1032 2874 1079 2906 IV,
1102 2872 1166 2907 253)
1184 2874 1207 2898 si
1228 2873 1309 2906 legge

414 2916 519 2941 Enrlco
538 2917 606 2941 ebbe
625 2916 734 2941 notlzia
753 2916 830 2940 della
849 2917 940 2940 morte
965 2916 1009 2940 del
1036 2916 1175 2948 pontefice
1194 2915 1309 2948 quando

413 2967 459 2983 era
480 2960 509 2982 in
532 2959 545 2972 ‘⁴
556 2959 703 2983 Paduanls
722 2958 888 2991 regionibus
899 2976 921 2989 η.
953 2958 1060 2983 Enrico
1074 2959 1177 2990 glunse
1190 2965 1206 2982 a
1218 2958 1310 2983 Roma

412 3001 433 3024 ll
453 3007 466 3024 2
487 3008 590 3025 marzo.
627 3001 684 3033 (Cf.
704 3000 851 3026 FALeoms
864 3002 1092 3032 Bassum-am,
1106 3000 1213 3033 Chron„
1228 3007 1306 3025 anno

1367 2577 1444 2607 1118,
1464 2578 1523 2603 RR.
1545 2578 1587 2602 ΙΙ.
1611 2578 1670 2608 SS„
1688 2577 1734 2610 V).
2207 2596 2211 2604 ,

1449 2619 1460 2636 ⁵
1481 2619 1553 2645 Cloe
1573 2620 1694 2652 Caietam
1711 2619 1820 2652 (Gaeta,
1842 2621 1937 2653 patria
1955 2619 1985 2644 dl
2005 2618 2123 2644 Gelasio
2139 2613 2214 2652 Hbs*⁴

1448 2661 1460 2678 θ
1478 2661 1640 2687 Guarniero
1660 2660 1802 2695 (huetio),
1822 2662 1936 2694 insigne
1954 2663 2076 2686 maestro
2095 2661 2124 2687 dl
2150 2661 2197 2687 dir
2209 2663 2219 2690 J

1360 2704 1375 2730 ὲ
1394 2705 1542 2729 ricordato
1558 2705 1634 2730 nella
1647 2705 1772 2730 Historia
1786 2712 1874 2729 rerum
1886 2704 2069 2729 Lanam-sium
2081 2704 2183 2730 offonis
2210 2699 2212 2707 ’

1362 2754 1439 2771 ranae
1457 2746 1505 2780 (ex
1523 2747 1566 2771 ed.
1584 2747 1619 2771 ab
1639 2745 1724 2780 Osio)
1742 2746 1870 2771 all’anno
1894 2745 1964 2779 1158.
1982 2745 2041 2772 RR.
2059 2745 2103 2770 ΙΙ.
2123 2745 2182 2775 88..
2204 2775 2206 2777 ‚

1363 2788 1408 2814 Cf.
1427 2789 1573 2819 Savxomrs
1593 2789 1682 2814 Gesch.
1702 2789 1746 2814 des
1764 2789 1840 2814 Rdm.
1856 2789 1932 2814 Rects
1943 2788 1982 2813 im
1995 2787 2157 2820 Mittelalur.
2203 2783 2219 2822 J

1450 2830 1461 2847 ⁷
1482 2832 1621 2856 Maurizio
1640 2832 1776 2861 Burdino,
1791 2838 1911 2856 monaco
1925 2830 2119 2862 benedetttno‚
2133 2837 2206 2856 ves-

1362 2874 1393 2899 dl
1413 2873 1557 2906 Coimbra,
1578 2875 1629 2907 poi
1649 2875 1832 2899 arcivescovo
1852 2874 1882 2899 di
1901 2874 2002 2906 Praga,
2021 2873 2051 2898 fu
2069 2873 2159 2899 eletto
2211 2894 2219 2905 ,

1362 2923 1436 2949 papa
1455 2916 1491 2940 da
1510 2916 1615 2940 Enrico
1635 2916 1660 2940 V
1679 2917 1726 2948 (ιο
1744 2923 1841 2940 marzo
1864 2914 1942 2948 1¹18)
1960 2922 1976 2940 e
1994 2922 2073 2948 prese
2092 2915 2114 2940 il
2129 2921 2188 2940 no
2203 2931 2220 2945 ὴ,

1365 2957 1506 2990 Gregorio
1526 2957 1599 2983 V111.
1619 2958 1646 2982 A
1664 2957 1802 2991 Pasquale
1822 2957 1848 2982 II
1862 2959 1961 2982 invece
1974 2965 2019 2982 era
2033 2959 2111 2983 stato
2123 2957 2194 2982 dato
2213 2951 2221 2987 *¹

1360 3007 1519 3025 successore
1539 3000 1656 3025 Gelasio
1673 3000 1710 3031 11,
1730 3001 1750 3024 il
1770 3007 1803 3032 24
1822 3001 1947 3033 gennaio
1969 2998 2043 3026 1118.
