2288 3476
230 1027 250 1042 c.
265 1023 314 1042 82r

205 1813 282 1838 Μυι..
296 1818 334 1839 ⁴91

408 241 451 277 18
886 239 1198 276 LANDULPHI
1227 239 1296 274 DE
1325 237 1533 274 SANCTO
1561 236 1742 274 PAULO
1932 243 2016 280 [ΑΛ.
2037 241 2196 272 1102-211
2218 238 2225 290 ’-

489 373 541 406 29.
566 391 606 396 -
630 372 722 405 Urbs
745 371 860 414 itaque
884 371 1122 403 Mediolanum
1145 380 1224 402 cum
1247 370 1315 402 iam
1338 375 1428 403 esset
1453 379 1575 403 secura
1605 371 1649 403 de
1678 370 1779 403 victis
1810 371 1878 403 suis
1908 370 2069 411 inimicis,
2099 371 2158 414 pla

402 425 573 459 Arderico
596 425 639 458 de
663 425 835 457 Carimate
860 430 894 456 et
916 424 1137 457 vicedomino
1153 423 1162 441 ¹
1179 429 1213 455 et
1236 423 1443 466 quibusdam
1459 423 1535 455 aliis
1551 423 1735 456 ordinariis
1753 423 1853 456 valde
1869 424 2042 464 studiosis,
2065 434 2193 457 revoca
2219 464 2222 465 ⁷

403 479 606 512 Yordanum
632 479 674 510 de
699 477 811 510 Clivi²
834 488 855 509 a
876 477 1057 520 provincia
1081 488 1148 520 que
1173 477 1305 509 dicitur
1326 475 1447 509 Sancti
1471 477 1590 520 Egidii
1601 475 1625 515 ³,
1648 477 1684 508 in
1708 487 1775 519 qua
1797 477 1873 520 ipse
1889 476 2077 510 Yordanus
2092 477 2207 520 lege·

402 532 587 564 lectionem
609 537 789 564 auctorum
813 541 883 562 non
907 530 1100 563 divinorum
1123 531 1186 562 sed
1210 540 1435 574 paganorum.
1481 529 1536 568 Et,
1559 535 1596 563 ut
1620 540 1738 562 verum
1763 530 1807 562 de
1837 540 1879 563 eo
1911 529 2036 573 dicam,
2066 529 2177 573 psalte
2220 554 2222 558 -

402 591 437 617 et
458 585 612 627 timpano
636 590 670 616 et
694 585 819 617 ceteris
843 584 932 616 bene
956 583 1159 616 sonantibus
1181 583 1216 615 in
1240 583 1389 615 ecclesia
1413 583 1646 616 instrumentis
1662 593 1844 616 commune
1861 583 1898 615 in
1915 584 2021 616 choro
2037 583 2187 616 Mediol-
2206 601 2212 611 ι

401 638 448 670 ita
470 637 651 680 perpersit,
675 643 709 669 et
731 647 845 679 neque
869 637 1035 680 psalmum
1060 647 1173 680 neque
1198 637 1373 669 canticum
1395 636 1523 669 musice
1547 637 1615 669 arti
1638 637 1811 680 ydoneum
1835 646 1902 669 nec
1924 637 2146 680 singulariter
2159 637 2211 670 siv
2220 660 2225 678 3
2255 672 2258 676 Α

403 691 594 724 comuniter
618 700 772 733 congrue
797 690 920 723 sonuit.
968 691 1215 723 Verumtamen
1239 690 1368 723 blanda
1390 690 1501 723 facies
1523 691 1597 734 ejus
1620 690 1753 732 speciei
1769 691 1857 723 adeo
1874 690 2069 723 Grosulano
2091 689 2207 733 placui
2256 686 2260 743 ξ

403 743 498 787 quod
520 743 693 776 ordinavit
713 754 790 776 eum
813 743 1073 782 subdiaconum,
1099 754 1176 775 cum
1200 743 1274 785 ipse
1299 743 1512 776 Grosulanus
1534 743 1718 776 videbatur
1740 743 1887 786 pacifice
1911 750 2030 776 tenere
2060 743 2220 776 arehie
2256 744 2261 760 ³

403 803 593 839 scopatum.
640 797 786 829 Demum
809 796 995 829 Yordanus
1018 797 1110 829 idem
1133 797 1223 830 adeo
1247 796 1376 829 studuit
1398 796 1435 828 in
1458 796 1547 830 libro
1572 795 1796 839 epistolarum
1818 796 1929 836 Pauli,
1953 796 2047 840 quod
2063 795 2219 840 paginus

403 850 514 883 lector
529 850 596 882 fuit
611 850 764 883 eiusdem
787 850 876 883 libri.
922 850 1025 882 Hunc
1042 860 1178 893 quoque
1194 849 1383 882 Ardericus
1405 849 1582 892 predictus
1598 850 1643 882 de
1659 849 1833 883 Carimate
1847 850 1884 882 in
1898 859 2017 882 mense
2032 848 2190 892 septemb
2216 846 2223 891 ‚⁵

401 904 460 946 qui
488 903 553 936 fuit
576 909 718 946 quartus
742 915 762 936 a
783 903 890 948 junio,
916 915 984 947 quo
1009 903 1132 936 civitas
1154 902 1274 935 Laude
1299 904 1475 936 destructa
1497 902 1574 945 fuit,
1603 903 1672 935 iam
1704 902 1798 936 dicto
1828 902 2009 935 Yanuensi
2042 902 2222 946 episcopo

400 958 667 1000 representavit;
691 963 727 990 et
749 957 824 1000 ipse
848 957 1033 1000 episcopus
1056 958 1168 1001 ipsum
1191 957 1394 990 Yordanum
1426 963 1462 989 et
1491 957 1608 1000 plures
1639 957 1738 990 allius
1768 958 1811 990 de
1842 955 2167 990 Mediolanensibus
2196 952 2215 988 i'

399 1011 600 1043 sacerdotes
623 1010 827 1044 benedixit.'
874 1010 1062 1045 Sciendum
1087 1021 1225 1054 quoque
1248 1017 1310 1049 est,
1334 1011 1427 1054 quod
1457 1011 1515 1043 hic
1540 1011 1636 1043 rudis
1666 1010 1853 1044 Yordanus
1883 1010 2059 1050 sacerdos,
2079 1020 2161 1042 reve

398 1064 603 1102 Mediolani,
627 1075 647 1096 a
671 1064 819 1102 Gualdo,
843 1065 931 1097 mira
953 1064 1139 1096 caliditatis
1161 1064 1367 1106 presbitero,
1390 1064 1522 1097 discere
1546 1064 1688 1102 studuit,
1712 1063 1860 1107 qualiter
1883 1063 2057 1096 sacerdoti
2072 1062 2116 1096 sit
2131 1073 2169 1095 sa
2220 1079 2224 1095 ι

397 1118 581 1158 ficandum,
605 1124 639 1150 et
663 1129 740 1150 eum
763 1117 827 1150 iste
850 1118 915 1150 ista
937 1124 972 1150 et
995 1118 1077 1150 allia
1099 1118 1144 1150 ad
1166 1118 1359 1150 sacerdotis
1381 1117 1529 1150 officium
1552 1117 1763 1160 pertinentia
1787 1117 1949 1151 disceret.

489 1216 542 1248 30.
566 1236 608 1241 —
630 1215 778 1249 Octubri
800 1225 883 1248 vero
907 1226 1024 1248 mense
1048 1221 1216 1258 sequente
1239 1215 1380 1248 flumina
1403 1226 1467 1258 per
1490 1215 1687 1248 continuam
1710 1214 1861 1257 pluviam
1885 1215 1923 1246 in
1952 1219 2085 1247 tantum
2115 1223 2224 1247 crev-x.

398 1275 489 1309 runt,
513 1269 607 1312 quod
630 1279 699 1301 non
723 1269 833 1302 solum
856 1268 956 1302 villas
978 1268 1043 1301 sed
1065 1269 1175 1311 ipsam
1199 1269 1375 1302 civitatem
1398 1269 1433 1300 in
1456 1268 1578 1301 mirum
1609 1269 1749 1301 modum
1780 1267 2035 1310 perturbarent.
2082 1266 2191 1306 Quid
2211 1284 2215 1295 ·

399 1322 501 1355 etiam
524 1322 589 1355 sibi
611 1328 646 1356 et
668 1322 797 1355 mondo
820 1323 922 1355 finem
944 1322 1139 1361 timuerunt,
1163 1322 1243 1366 quia
1265 1323 1368 1355 homo
1391 1321 1584 1365 imperabat
1597 1320 1619 1363 ⁸,
1643 1322 1702 1365 qui
1725 1327 1859 1364 patrem
1884 1332 1981 1354 suum
2005 1319 2224 1364 oppressere

400 1375 472 1408 Sed
496 1376 613 1409 Guazo
638 1374 803 1408 Cominus
825 1386 895 1408 una
919 1387 996 1408 cum
1020 1376 1188 1408 Amizone
1213 1376 1255 1408 de
1281 1375 1372 1414 Sala,
1396 1382 1430 1408 et
1454 1375 1531 1407 aliis
1555 1386 1657 1419 quam
1674 1375 1842 1418 pluribus,
1866 1381 1935 1408 tam
1953 1375 2199 1418 clericisdjqua·
2217 1395 2228 1410 2,-

400 1439 466 1473 que
489 1429 607 1473 laycis,
631 1440 651 1461 a
675 1430 840 1462 Guazone
864 1435 899 1461 et
923 1429 1092 1462 Amizone
1114 1429 1276 1471 inductis,
1295 1430 1475 1462 tendentes
1498 1429 1543 1461 ad
1565 1429 1644 1467 alia,
1661 1434 1830 1472 ceperunt
1845 1429 2030 1471 predicare
2045 1434 2081 1461 et
2103 1429 2184 1461 dice

400 1481 612 1515 discordiam
635 1483 678 1516 de
702 1482 895 1515 Grosulano
919 1493 992 1515 esse
1015 1482 1191 1521 malitiam,
1216 1482 1323 1515 altero
1348 1482 1480 1515 diluvio
1496 1482 1647 1526 dignam.
1694 1483 1752 1515 Ad
1769 1493 1915 1525 quorum
1930 1492 2036 1515 voces
2058 1481 2229 1526 Johaun

400 1535 536 1568 Maneri
560 1536 740 1569 et.Petrus
764 1536 807 1568 de
832 1536 969 1574 Carme,
994 1537 1052 1578 qui
1076 1542 1175 1568 erant
1197 1536 1298 1578 primi
1320 1542 1355 1569 et
1377 1536 1514 1568 maximi
1545 1535 1583 1568 in
1613 1541 1711 1578 parte
1744 1535 1930 1568 Grosulani
1959 1541 2172 1579 pugnatores
2210 1557 2225 1570 -,

403 1590 618 1628 defensores,
642 1596 676 1622 et
697 1589 827 1623 conscii
853 1589 1010 1622 conscilii
1035 1589 1209 1622 Guazonis
1231 1595 1335 1633 atque
1353 1589 1543 1627 Amizonis‚
1560 1599 1677 1622 coram
1693 1590 1823 1632 populo
1839 1589 2096 1632 responderunt
2119 1593 2154 1621 et
2168 1587 2225 1624 111¹,

402 1642 573 1676 dixerunt:
608 1643 763 1682 “Dicite‚
787 1643 871 1686 quid
902 1643 1005 1676 vultis
1027 1643 1126 1676 vobis
1148 1643 1222 1675 fieri
1246 1655 1289 1675 ex
1311 1649 1408 1685 parte
1432 1642 1607 1685 nostra?„
1668 1643 1739 1682 Qui
1764 1643 1941 1676 dixerunt.
1969 1642 2176 1681 “Volumus‚
2208 1639 2219 1669 ἑ

406 1698 421 1714 “
434 1696 624 1730 Ardericus
639 1698 682 1729 de
700 1695 884 1736 carimate,
902 1697 961 1740 qui
977 1697 1085 1729 levita
1100 1703 1152 1729 est
1175 1697 1380 1739 ordinarius,
1405 1696 1574 1739 presbiter
1595 1696 1771 1740 Johannes
1788 1696 1936 1729 ecclesie
1959 1696 2070 1729 sancti
2086 1696 2188 1729 Nabo
2215 1702 2221 1718 ‘-

402 1750 636 1793 “prepositus,
661 1751 832 1793 presbiter
857 1751 1022 1783 Nazarius
1045 1750 1227 1789 Muricula‚
1251 1750 1425 1793 presbiter
1447 1751 1570 1783 Petrus
1594 1751 1638 1783 de
1654 1749 1786 1783 Sancto
1809 1750 2049 1793 Carpophoro,
2065 1749 2221 1792 presbit

408 1804 619 1837 “Lanterius
642 1803 685 1837 de
709 1810 828 1837 sancto
853 1804 1009 1837 Protasio
1031 1804 1068 1836 in
1092 1805 1235 1847 Campo,
1259 1803 1444 1848 presbiter'
1461 1803 1623 1836 Albricus
1647 1805 1691 1836 de
1714 1810 1834 1836 sancto
1857 1803 2042 1842 Dalmatio,
2065 1802 2227 1845 presbitf

405 1858 420 1874 ‘⁴
435 1857 584 1892 Anticus
606 1859 650 1891 de
674 1864 795 1892 sancto
817 1858 963 1891 Victore
987 1860 1032 1891 ad
1055 1859 1257 1897 Theatrum,
1282 1859 1453 1901 presbiter
1477 1857 1679 1891 Ambrosius
1696 1859 1739 1890 de
1756 1863 1876 1890 sancto
1899 1858 2059 1901 Johanne
2081 1855 2127 1890 ad
2141 1856 2216 1890 Con

406 1912 543 1950 “cham,
568 1911 735 1954 presbiter
758 1921 893 1956 quoque
919 1912 1032 1945 Galdo
1049 1912 1093 1944 de
1116 1918 1235 1945 sancto
1260 1911 1446 1949 Michaele‚
1465 1922 1550 1954 quos
1574 1921 1693 1943 omnes
1717 1910 1811 1943 scitis
1828 1921 1902 1943 esse
1926 1910 2132 1943 defensores

408 1963 562 2002 “sulani3
587 1971 621 1997 et
643 1976 686 1997 ex
709 1965 788 1998 allia
812 1972 908 2007 parte
931 1966 1098 2004 volumus,
1122 1964 1216 2008 quod
1239 1965 1480 1998 vicedominus
1511 1964 1695 1997 Anselmus
1719 1965 1763 1997 de
1788 1963 1954 2001 Pusterla,
1984 1962 2167 1995 Anselmus
2189 1962 2226 1999 d

406 2016 601 2062 “Badaglo,
625 2018 796 2059 presbiter
818 2018 1021 2052 Richelmus
1044 2018 1240 2061 prepositus
1263 2018 1413 2050 ecclesie
1430 2018 1541 2050 sancti
1557 2017 1708 2056 Nazarii,
1734 2018 1903 2059 presbiter
1927 2016 2095 2050 Girardus
2109 2025 2211 2059 prep-

404 2071 419 2087 “
434 2072 516 2104 situs
532 2072 699 2105 canonice
723 2072 870 2105 ecclesie
894 2073 1003 2105 sancti
1027 2071 1210 2112 Ambrosii,
1234 2072 1390 2105 Rulucus
1414 2082 1552 2115 quoque
1567 2071 1762 2114 prepositus
1785 2070 1935 2104 ecclesie
1959 2071 2071 2103 sancti
2087 2070 2178 2104 Stes:
2198 2070 2227 2100 n?-

409 2126 423 2142 “
436 2125 606 2167 presbiter
621 2125 787 2158 Arialdus
810 2124 955 2165 Amerii,
978 2125 1148 2168 presbiter
1170 2126 1413 2158 Lanfranchus
1436 2125 1621 2167 Propheta.
1634 2149 1642 2157 .
1656 2149 1664 2157 .
1678 2149 1686 2157 .
1704 2131 1738 2157 et
1753 2135 1817 2157 nos
1833 2124 1912 2162 duo,
1935 2123 2101 2157 videlicet
2117 2122 2196 2156 Gua
2207 2140 2227 2159 2:

406 2179 469 2211 “et
492 2178 623 2218 Amizo‚
647 2189 725 2211 cum
747 2179 815 2211 illis
837 2179 1039 2212 iurabimus:
1065 2180 1159 2222 quod
1182 2189 1290 2222 usque
1313 2180 1359 2211 ad
1381 2179 1463 2211 istas
1493 2177 1685 2211 kalendas⁷
1717 2178 1864 2221 proximi
1893 2176 2056 2221 januarii,
2087 2187 2194 2210 conc·
2211 2190 2223 2215 ης

408 2232 525 2265 “diter
555 2232 714 2265 dabimus
741 2232 865 2276 justam
887 2238 923 2266 et
944 2238 1075 2265 rectam
1097 2233 1304 2265 sententiam
1334 2233 1526 2265 secundum
1549 2243 1699 2264 canones
1723 2232 1768 2264 de
1793 2231 1967 2263 discordia
1990 2230 2185 2269 Grosulani,

407 2287 421 2304 “
434 2285 540 2328 possit
561 2294 636 2317 esse
661 2285 942 2328 archiepiscopus
964 2285 1156 2319 Mediolani
1170 2286 1242 2318 sive
1258 2295 1337 2318 non.
1384 2286 1430 2318 Et
1446 2286 1473 2318 si
1490 2295 1560 2317 non
1576 2285 1705 2328 poterit
1720 2294 1807 2323 esse,
1831 2284 1874 2316 de
1891 2283 1973 2317 allia
1988 2293 2137 2326 persona
2153 2292 2221 2316 co

407 2339 591 2371 “corditer
621 2339 787 2371 faciemus
814 2339 1021 2372 catholicam
1049 2339 1256 2371 electionem
1280 2339 1316 2371 in
1341 2339 1463 2371 eadem
1490 2338 1559 2371 die.
1605 2338 1774 2371 Volumus
1801 2338 1915 2376 etiam,
1946 2342 1984 2369 ut
2010 2335 2220 2379 Landulph

407 2391 607 2435 “Carogna,
631 2393 690 2436 qui
712 2399 764 2425 est
779 2392 948 2434 presbiter
972 2392 1166 2425 ordinarius
1188 2398 1224 2424 et
1247 2392 1394 2424 Enricus
1418 2393 1461 2425 de
1479 2391 1619 2435 Biragm
1644 2392 1702 2435 qui
1719 2397 1771 2424 est
1793 2392 1899 2424 levita
1923 2389 2131 2430 ordinarius,
2153 2396 2218 2432 p

403 2443 418 2461 “
433 2445 538 2478 sbiter
560 2446 736 2489 Johannes
760 2444 927 2483 Aetilens,
950 2445 1121 2487 presbiter
1144 2445 1281 2478 Olricus
1305 2446 1349 2479 de
1373 2451 1496 2478 sancto
1524 2443 1687 2483 Martino,
1711 2445 1889 2488 Johannes
1913 2444 2019 2477 etiam
2046 2439 2215 2476 Maneri

2261 2441 2265 2471 ἱ

495 2564 517 2582 1.
536 2557 611 2582 XIX.
628 2557 768 2589 Jordanus
780 2557 810 2582 de
829 2556 900 2582 clivi
919 2565 936 2582 a
948 2557 1035 2582 studio
1053 2558 1194 2587 revocatus,
1208 2558 1245 2582 est
1257 2556 1288 2582 in
1306 2557 1446 2582 sacerdotis
1464 2558 1628 2582 consecratus
1642 2570 1674 2575 —-
1692 2555 1731 2581 16.
1751 2556 1811 2581 XX.
1823 2555 1970 2588 Eliguntur
1988 2554 2072 2588 aliqui
2084 2561 2166 2580 sacer
2180 2566 2184 2575 r

405 2598 451 2631 qui
470 2599 577 2624 debeant
594 2599 721 2632 judicare,
741 2607 778 2625 an
795 2599 975 2625 Grossulanus
994 2599 1087 2624 absens
1105 2600 1183 2632 digne
1200 2599 1285 2632 possit
1301 2607 1357 2625 esso
1375 2599 1590 2632 archiepiscopus

493 2687 519 2714 6.
538 2687 687 2722 perpersit]
706 2688 727 2714 il
745 2688 827 2714 sassr
846 2689 961 2714 vorrebbe
980 2688 1074 2721 leggare
1094 2670 1233 2723 pervertit
1251 2688 1362 2722 (scorpio
1379 2688 1402 2714 il
1419 2690 1495 2714 canto
1515 2687 1693 2722 ambrosiano)
1710 2703 1737 2707 -—
1753 2695 1779 2720 9.
1791 2687 1819 2712 Il
1831 2687 1928 2712 Pam-z
1947 2686 2091 2719 saggvim
2103 2672 2215 2718 :11¹³v

405 2729 432 2755 la
450 2732 540 2756 stram
557 2730 651 2763 pamla
669 2733 791 2764 paginus
809 2733 856 2764 per
874 2739 1001 2765 paganus
1019 2731 1106 2757 dando
1124 2731 1146 2757 il
1164 2739 1253 2757 senso:
1273 2732 1349 2764 quod
1370 2734 1400 2756 ut
1420 2739 1547 2765 paganus
1566 2731 1657 2756 lector
1678 2732 1734 2755 suit
1753 2745 1785 2748 —
1804 2737 1848 2762 32.
1866 2729 2004 2761 Rulucus]
2023 2729 2164 2754 Rubi-icus
2178 2723 2210 2753 R'

366 2826 381 2852 5
500 2818 507 2835 ¹
528 2819 587 2845 Che
607 2829 654 2845 era
674 2820 784 2846 Olrico.
1442 2819 1453 2836 ⁴
1471 2821 1526 2846 Dal
1553 2822 1682 2845 contesto
1707 2827 1812 2853 appare
1836 2820 1886 2844 che
1911 2818 2062 2844 Glordano
2087 2818 2189 2843 eser-el·
2208 2852 2211 2853 ⁷

497 2860 508 2878 ²
522 2862 631 2893 Clivio,
645 2861 823 2897 locallttinel
839 2864 997 2889 Varesotto.
1023 2864 1060 2888 Di
1076 2861 1299 2898 Giordanosvedl
1354 2864 1470 2889 l’ufficio
1490 2865 1518 2888 di
1540 2866 1624 2889 lector
1641 2862 1754 2896 (ordine
1773 2863 1884 2887 minore
1904 2862 1979 2886 nella
1997 2860 2146 2894 gerarchla
2163 2872 2187 2879 --
2212 2885 2215 2892 ,

409 2911 436 2928 u.
457 2910 490 2929 20
509 2912 603 2937 sopra.
1355 2906 1491 2939 slastlca).

495 2945 507 2962 ³
527 2948 567 2972 La
586 2948 740 2973 Provincia
759 2950 788 2973 di
807 2949 995 2982 Sant’Egidlo
1014 2948 1029 2974 ὲ
1053 2950 1081 2974 la
1108 2948 1206 2974 Gallia
1230 2949 1301 2974 Nar·
1443 2947 1453 2964 ⁵
1475 2947 1548 2973 Cloe
1568 2948 1701 2973 Arialdo.

406 2988 518 3014 bonese.
556 2988 646 3018 Quivi
667 2991 697 3015 fu
716 2992 877 3024 professore
896 2993 924 3016 di
945 2993 1068 3017 retorica
1087 2991 1239 3017 Glordano
1253 2990 1303 3025 (cs.
1445 2991 1456 3008 ὓ
1475 2991 1582 3015 Enrico
1601 2990 1636 3015 V.

351 3036 383 3054 10
408 3029 577 3063 Punicum,
597 3033 674 3058 Mon.
692 3033 755 3059 Bas.
775 3034 863 3063 Amb.,
885 3042 911 3059 n.
931 3034 1003 3066 314).
1444 3032 1455 3049 ⁷
1475 3033 1499 3057 11
1519 3035 1613 3065 primo
1630 3034 1755 3065 gennaio
1774 3032 1820 3056 del
1842 3038 1919 3056 1112.
