2288 3476
410 204 484 238 XL
1162 204 1498 241 PREFAZIONE

411 325 622 360 Adheletam
645 326 838 367 speciosam
863 332 898 359 et
921 327 1124 369 sapientem.
1169 327 1244 369 Jsto
1267 326 1435 360 Lothario
1459 327 1560 370 Rege
1576 333 1710 360 mortuo
1734 327 1898 361 successit
1921 328 1953 360 ei
1975 339 2063 361 unus
2085 328 2251 372 princeps

414 391 492 412 suus
509 379 647 411 nomine
664 378 907 422 Berengarius,
931 379 990 422 qui
1013 389 1159 422 regnum
1175 379 1356 421 usurpavit
1379 385 1414 412 et
1430 379 1546 412 dictus
1562 386 1613 413 est
1628 380 1861 424 Berengarius
1884 381 1966 425 111J,
1990 382 2049 424 qui
2065 381 2159 425 cepit
2175 382 2250 421 949,

414 439 449 465 et
469 432 653 475 jmperavit
676 442 755 464 cum
779 432 925 465 Alberto
950 432 1019 464 filio
1035 442 1096 464 suo
1114 442 1151 473 Χ]
1167 432 1275 464 annis.
1322 432 1389 464 Hic
1413 433 1507 475 cepit
1523 433 1694 476 Reginam
1717 434 1910 476 predictam
1933 444 2076 467 uxorem
2099 435 2248 468 condam

410 485 563 528 Lotharij
589 484 708 528 Regis,
732 491 766 517 et
788 485 869 527 quia
892 485 1031 518 nolebat
1054 486 1086 517 ei
1109 485 1306 518 consentire
1330 491 1366 518 et
1388 485 1551 529 accipere
1576 497 1653 518 eum
1676 487 1713 518 in
1735 487 1858 525 virum,
1883 487 1999 530 posuit
2021 499 2098 520 eam
2120 488 2157 520 in
2172 498 2249 521 car·
2274 528 2276 530 v

410 549 525 572 cerem
548 539 585 582 jn
609 538 780 570 Sirmione
803 549 906 580 super
938 539 1050 570 lacum
1074 538 1191 571 Garde
1223 539 1258 570 in
1290 539 1507 581 Episcopatu
1539 539 1744 579 Veronensi,
1775 550 1841 572 nec
1865 541 1995 573 dimisit
2017 551 2096 573 cum
2120 550 2161 574 ea
2183 542 2249 576 nisi
2272 552 2274 554 ’

408 603 512 625 unum
536 592 752 624 sacerdotem
776 592 912 624 nomine
936 591 1123 624 Martinum
1147 597 1182 625 et
1204 603 1307 624 unam
1331 591 1498 625 famulam
1514 593 1574 636 qui
1589 592 1654 626 sibi
1678 593 1903 632 ministrabat,
1927 599 1961 627 et
1984 594 2116 628 ibidem
2132 594 2249 640 aliquo

410 652 566 688 tempore
591 650 770 677 steterunt.
817 645 860 676 Et
882 645 1023 677 tandem
1048 645 1115 677 deo
1132 645 1272 678 volente
1289 646 1452 678 sacerdos
1468 646 1576 689 fregit
1592 656 1768 679 carcerem
1793 652 1828 679 et
1850 656 1925 680 eam
1950 648 2064 680 adusit
2080 647 2115 680 in
2130 647 2250 682 habitu

410 699 512 737 virili,
536 703 571 730 et
594 697 726 730 ducens
748 707 822 730 eam
847 697 929 729 hinc
953 697 1046 736 inde,
1070 708 1148 729 cum
1172 707 1240 730 non
1272 698 1470 730 invenirent
1501 699 1615 731 locum
1646 704 1755 731 tutum
1778 699 1916 743 refugij,
1940 699 2080 732 tandem
2111 700 2249 734 occulte

408 757 578 785 venerunt
602 750 791 783 Canossam
816 751 862 783 ad
879 750 1010 783 dictum
1027 750 1203 784 dominum
1220 750 1395 789 Attonem‚
1418 751 1477 795 qui
1502 751 1650 784 libenter
1673 762 1748 785 eam
1771 753 1903 796 recepit
1927 759 1962 785 et
1985 753 2124 786 occulte
2140 754 2250 788 tenuit

408 806 529 838 timore
553 804 665 847 Regis
687 804 903 847 Berengarij,
927 803 1037 847 Regis
1059 804 1279 836 Lombardie.
1324 804 1371 837 Et
1393 804 1507 837 statim
1537 804 1698 838 dominus
1721 804 1806 838 Atto
1829 805 1895 838 hoc
1927 805 2135 850 significavit
2156 817 2266 851 pape·

408 858 570 903 Johanni,
593 857 688 900 quod
710 857 738 889 si
763 857 795 889 ei
818 857 974 899 placeret
997 867 1072 889 earn
1094 857 1299 890 intendebat
1322 858 1405 890 dare
1429 858 1465 890 in
1489 868 1630 890 uxorem
1656 858 1776 891 Ottoni
1799 858 1894 902 Regi
1922 858 2115 892 Alamanie.
2161 860 2268 893 Cum‘

410 911 538 956 gaudio
561 910 680 943 annuit
702 920 804 952 papa,
828 916 910 942 tunc
936 910 1080 943 directis
1103 910 1231 954 nuntijs
1255 910 1391 944 occulte
1406 911 1499 954 Regi
1522 911 1641 944 Ottoni
1658 921 1762 953 super
1784 911 1850 943 hac
1873 922 1923 950 re,
1946 912 2028 945 Rex
2049 911 2132 946 Otto
2154 913 2249 947 venit

409 966 583 998 Veronam
615 964 660 996 ad
692 974 794 1006 quem
826 964 983 996 dominus
1012 963 1097 996 Atto
1128 964 1228 997 duxit
1252 974 1328 996 eam
1359 964 1532 1008 Reginam
1557 970 1591 996 et
1621 963 1686 997 sibi
1709 974 1786 997 eam
1816 965 1961 998 tradidit
1991 975 2148 1004 uxorem,
2177 976 2247 1010 qua

404 1024 547 1061 recepta
569 1017 682 1050 statim
707 1017 805 1049 duxit
827 1017 863 1049 in
887 1016 1114 1050 Alamaniam.
1163 1016 1271 1055 Quod
1302 1028 1382 1050 cum
1412 1018 1641 1060 comperisset
1671 1019 1751 1051 Rex
1774 1019 2006 1062 Berengarius
2036 1022 2268 1064 congregato?

408 1072 575 1109 exercitu,
598 1070 756 1103 obscedit
779 1070 966 1103 Canossam
990 1082 1052 1114 per
1074 1077 1145 1103 tres
1168 1081 1285 1103 annos.
1332 1070 1404 1103 Sed
1428 1071 1587 1104 dominus
1608 1071 1694 1104 Atto
1717 1072 1826 1104 missit
1848 1072 1893 1104 ad
1916 1072 2053 1116 Regem
2084 1067 2268 1106 ottonem'

405 1132 443 1158 ut
466 1130 676 1163 succureret,
700 1125 790 1157 sicut
805 1124 872 1157 sibi
888 1124 1104 1166 promiserat.
1151 1124 1255 1157 Tunc
1271 1125 1350 1157 Rex
1366 1124 1448 1157 Otto
1466 1135 1543 1157 cum
1560 1125 1694 1158 ellectis
1715 1125 1927 1158 theutonicis
1951 1126 2046 1160 venit
2061 1126 2248 1167 Veronam,

407 1179 501 1222 quod
524 1178 670 1211 audiens
693 1179 774 1211 Rex
797 1178 1029 1221 Berengarius
1051 1178 1095 1210 ab
1120 1178 1324 1210 obscidione
1347 1184 1382 1210 et
1404 1178 1541 1211 occurit
1563 1178 1656 1222 Regi
1687 1178 1807 1212 Ottoni
1832 1189 1908 1212 curn
1933 1179 2089 1213 exercitu
2111 1190 2184 1220 suo,
2216 1186 2251 1214 et

407 1233 503 1264 facto
528 1241 717 1273 congressu
740 1231 881 1263 tandem
905 1231 985 1263 Rex
1008 1231 1091 1264 Otto
1115 1229 1365 1274 Berengarium
1390 1231 1575 1269 debelavit,
1600 1238 1635 1264 et
1658 1232 1752 1275 cepit
1782 1237 1817 1264 et
1837 1232 1873 1263 in
1896 1231 2118 1266 Alamaniam
2147 1233 2249 1272 misit,

406 1285 465 1318 ubi
488 1286 524 1317 in
549 1294 724 1317 carcerem
748 1290 901 1316 mortuus
925 1290 986 1322 est,
1009 1290 1044 1316 et
1067 1285 1206 1316 tandem
1236 1290 1309 1317 tota
1338 1284 1551 1317 Lombardia
1581 1285 1676 1328 Regi
1708 1285 1829 1318 Ottoni
1852 1285 1999 1328 pacifice
2022 1296 2060 1319 se
2091 1285 2265 1320 subiecit.⁴

408 1339 510 1371 Tunc
533 1338 614 1371 Rex
637 1337 719 1370 Otto
742 1337 807 1382 jvit
828 1337 979 1370 Romam
1002 1338 1047 1370 ad
1070 1348 1196 1380 papam
1221 1343 1255 1370 et
1271 1337 1493 1370 confirmatus
1516 1344 1567 1370 est
1590 1337 1634 1370 ab
1657 1347 1700 1371 eo
1723 1337 1759 1370 in
1781 1338 1916 1382 Regem
1940 1338 2049 1372 Italie.
2095 1338 2163 1372 Hic
2177 1339 2250 1383 pri-

406 1402 482 1424 mus
504 1391 583 1424 Rex
605 1390 851 1423 theuthonicus
874 1391 934 1433 qui
957 1390 1023 1423 fuit
1045 1391 1124 1423 Rex
1146 1396 1179 1423 et
1209 1390 1417 1434 jmperator.
1463 1391 1532 1423 Hic
1555 1391 1638 1424 Otto
1663 1391 1776 1424 factus
1806 1391 2003 1434 jmperator
2025 1392 2150 1425 multas
2171 1392 2253 1426 civi·

407 1451 496 1478 tates
519 1450 554 1476 et
575 1443 790 1486 principatus
806 1444 950 1476 donavit
967 1443 1107 1476 domino
1123 1443 1257 1487 Attonj,
1275 1443 1372 1476 cuius
1394 1444 1638 1486 procuratione
1655 1450 1690 1477 et
1705 1444 1889 1477 occasione
1907 1443 1952 1477 ad
1967 1450 2096 1477 tantam
2111 1451 2255 1479 venerat

2266 748 2288 772 ,y'

407 1499 620 1542 dignitatem.
666 1497 735 1529 Hic
765 1498 849 1530 Otto
873 1497 1004 1540 primus
1027 1497 1209 1540 imperavit
1231 1507 1268 1529 vr
1286 1498 1377 1536 anni,
1401 1507 1492 1530 anno
1509 1498 1641 1530 domini
1658 1498 1732 1530 961.
1778 1497 1963 1531 Predictus
1985 1498 2143 1532 dominus
2166 1499 2252 1533 Atto

407 1551 528 1585 habuit
550 1561 692 1583 uxorem
715 1550 960 1584 nobilissimam
985 1550 1125 1583 nomine
1146 1551 1410 1594 Jldengardam‚
1442 1551 1544 1583 bonis
1573 1557 1608 1583 et
1630 1551 1761 1584 sanctis
1791 1550 1955 1594 operibus
1977 1551 2140 1594 plenam3
2171 1563 2252 1585 nam

408 1606 484 1649 ipsa
507 1615 584 1637 curn
600 1605 676 1637 viro
692 1614 754 1637 suo
771 1604 949 1637 edificavit
964 1605 1207 1637 monasterium
1225 1604 1269 1637 de
1293 1603 1455 1637 Bersillo:
1480 1604 1546 1637 hec
1569 1604 1691 1637 habuit
1705 1611 1776 1637 tres
1790 1604 1892 1644 filios,
1907 1604 2042 1638 scilicet
2057 1604 2260 1639 Rodulfum-

406 1657 629 1692 Gotit'redum
653 1663 688 1690 et
711 1657 920 1690 Tebaldum.
966 1657 1101 1689 Primus
1123 1663 1277 1690 mortuus
1309 1664 1361 1690 est
1385 1663 1463 1690 ante
1487 1663 1633 1700 patrem,
1657 1658 1828 1691 secundus
1850 1658 1918 1690 fuit
1941 1658 2139 1702 Episcopus
2159 1658 2252 1692 Bris-

407 1712 539 1751 siensis‚
562 1711 683 1744 tertius
706 1711 772 1743 fuit
794 1711 1020 1754 probissimus
1050 1717 1084 1744 et
1114 1711 1349 1744 nobilissimus
1378 1711 1538 1744 Marchio
1570 1717 1606 1744 et
1635 1717 1872 1755 propugnator
1903 1711 2053 1745 ecclesie
2080 1711 2250 1746 Romane.

406 1765 499 1799 Huic
526 1765 662 1798 domino
686 1765 848 1797 Tedaldo
872 1764 971 1798 dedit
993 1775 1084 1807 papa
1107 1765 1295 1805 Ferafiam,
1310 1765 1347 1809 jn
1364 1776 1432 1808 qua
1453 1765 1540 1798 fecit
1563 1764 1722 1798 Castrum
1738 1766 1833 1808 quod
1855 1765 1996 1798 vocavit
2017 1765 2155 1799 nomine
2177 1776 2251 1805 suo,

406 1819 539 1852 scilicet
561 1819 721 1852 Castrum
744 1817 904 1851 Tedaldi.
953 1817 1061 1856 Quod
1084 1819 1222 1851 duravit
1243 1829 1352 1863 usque
1382 1819 1428 1852 ad
1453 1825 1611 1861 tempora
1641 1829 1710 1862 quo
1733 1819 1849 1851 veneti
1871 1828 1948 1852 eum
1971 1825 2186 1862 acceperunt
2214 1825 2250 1853 et

404 1878 590 1906 tenuerunt
613 1877 735 1905 contra
759 1871 954 1905 ecclesiam.
1000 1872 1044 1905 Et
1066 1878 1149 1905 tunc
1173 1872 1239 1905 fuit
1264 1878 1403 1915 captum
1427 1878 1461 1904 et
1484 1872 1658 1915 diruptum
1689 1884 1711 1905 a
1733 1872 1866 1916 Legato
1890 1872 2072 1916 Pelagrua.

495 1971 528 2013 E
554 1977 695 2022 inutile,
725 1976 826 2024 dopo
853 1976 865 2011 i
893 1976 1012 2012 rilievi
1039 1977 1099 2023 gia
1126 1977 1204 2012 fatti
1235 1990 1255 2012 e
1284 1978 1402 2024 questi
1430 1978 1534 2025 saggi
1564 1977 1631 2013 che
1659 1978 1708 2012 ho
1739 1977 1827 2022 dati,
1856 1977 2020 2013 insistere
2038 1977 2253 2014 nell’analisi

407 2044 504 2080 della
532 2044 668 2079 [storia
696 2044 762 2079 che
793 2048 1021 2080 nettamente
1049 2043 1245 2091 riproduce
1273 2043 1324 2091 gli
1353 2045 1467 2081 errori
1497 2043 1593 2080 della
1620 2044 1828 2079 Parmense.

495 2111 562 2147 Ma
588 2116 753 2157 appunto
780 2122 846 2157 per
874 2115 1005 2158 questo
1033 2122 1107 2145 non
1134 2110 1163 2145 si
1199 2111 1273 2158 pub
1311 2111 1454 2157 seguire
1491 2111 1663 2147 l'editore
1701 2110 1738 2145 di
1767 2117 1895 2158 questa
1939 2111 2022 2146 Vita
2058 2110 2155 2147 nella
2189 2121 2254 2147 sua

405 2178 653 2223 valutazione,
682 2189 702 2212 e
731 2177 896 2213 crederla
923 2177 976 2212 sul
1005 2178 1102 2213 serio
1130 2189 1201 2212 una
1230 2177 1333 2212 fonte
1363 2176 1411 2213 da
1441 2182 1705 2224 contrapporre
1734 2189 1756 2212 a
1784 2178 1992 2222 Donizone‚
2031 2178 2252 2215 accettando

408 2255 473 2292 per
498 2245 635 2289 buone,
665 2256 689 2279 o
717 2243 866 2280 almeno
895 2243 1106 2289 discutibili,
1134 2244 1169 2279 le
1199 2243 1421 2292 divergenze
1450 2244 1497 2279 da
1525 2255 1606 2280 esso
1643 2256 1663 2279 e
1701 2243 1735 2279 le
1772 2244 1856 2280 date
1895 2245 1963 2280 che
2001 2244 2186 2292 aggiunge
2213 2244 2260 2280 di·-

407 2323 470 2348 sua
506 2316 610 2347 testa.
665 2311 695 2346 11
738 2313 934 2347 confronto
971 2322 1045 2347 con
1085 2310 1288 2358 l’Epitome
1325 2312 1521 2347 Parmense
1559 2315 1696 2346 mostra
1733 2311 1800 2347 che
1837 2317 1969 2358 questo
2006 2311 2259 2358 compilatore

406 2384 531 2415 traeva
559 2379 583 2413 il
611 2390 678 2415 suo
707 2377 896 2414 materiale
925 2379 973 2414 da
1002 2390 1049 2413 un
1077 2382 1172 2414 testo
1202 2377 1269 2414 che
1290 2389 1383 2414 avea
1401 2378 1462 2423 gia
1479 2383 1718 2424 gravemente
1739 2378 1907 2422 alterato,
1926 2389 1993 2424 per
2009 2389 2130 2413 scarsa
2148 2390 2254 2415 com-

406 2445 614 2492 prensione,
643 2445 667 2480 il
696 2451 878 2481 racconto
907 2444 942 2480 di
971 2445 1179 2488 Donizone‚
1210 2456 1230 2479 e
1258 2444 1405 2491 quando
1437 2444 1466 2479 si
1503 2445 1598 2481 vede
1627 2444 1723 2492 quali
1755 2445 1974 2481 inesattezze
2002 2443 2249 2492 raccoglieva,

406 2524 480 2547 non
507 2513 537 2547 si
565 2513 640 2559 pub
670 2510 823 2549 credere
852 2511 919 2547 che
948 2512 1098 2558 proprio
1130 2511 1192 2556 lui,
1232 2517 1285 2547 tre
1322 2510 1435 2547 secoli
1464 2510 1612 2547 almeno
1650 2510 1751 2558 dopo
1789 2511 1998 2556 Donizone‚
2034 2509 2260 2563 possedesse.

406 2579 542 2615 notizie
569 2579 712 2627 precise
739 2578 883 2615 sull'eta
911 2578 947 2614 di
975 2577 1172 2626 sigifredo,
1200 2577 1370 2615 Tedaldo
1398 2589 1419 2612 e
1448 2578 1642 2613 Bonifacio
1671 2578 1739 2613 che
1767 2577 1817 2624 gli
1846 2577 1928 2613 altri
1956 2578 2195 2624 ignoravano.

494 2644 685 2681 L'editore
715 2644 811 2681 della
839 2646 929 2681 Vita
956 2655 1092 2692 appare
1121 2644 1181 2680 nel
1207 2656 1275 2680 suo
1302 2644 1423 2680 studio
1451 2644 1629 2680 inclinato
1657 2657 1678 2679 a
1707 2649 1861 2680 mettere
1899 2643 1936 2679 di
1972 2644 2093 2680 fronte
2130 2644 2250 2680 Doni-

407 2723 500 2747 zone
528 2712 562 2746 ai
590 2712 669 2747 suoi
698 2712 968 2759 Epitomatori:
999 2711 1044 2746 ed
1073 2713 1093 2746 e
1121 2724 1169 2747 un
1188 2710 1249 2758 po'
1269 2717 1391 2747 strano
1419 2711 1557 2747 vedere
1585 2717 1758 2747 accusato
1777 2711 1813 2746 di
1844 2722 1967 2746 errore
1986 2710 2011 2745 il
2029 2716 2140 2757 poeta
2168 2722 2253 2758 per-

408 2777 474 2814 che
502 2778 714 2815 attribuisce
742 2778 790 2814 ad
817 2779 924 2814 Azzo
953 2785 1007 2814 tre
1036 2778 1114 2826 figli
1144 2777 1341 2828 (Rodolfo‚
1365 2776 1547 2814 Goffredo
1565 2789 1585 2811 e
1614 2777 1812 2822 Tedaldo),
1841 2782 1982 2813 mentre
2010 2778 2047 2812 la
2073 2777 2257 2824 Epitome:

407 2844 616 2881 Polironese
645 2843 774 2894 (citata
802 2858 910 2882 come
941 2846 1132 2882 Anonimo
1160 2842 1433 2893 Muratoriano)
1463 2856 1508 2879 ne
1537 2844 1682 2880 ricorda
1710 2843 1791 2878 solo
1810 2843 1880 2878 due
1904 2843 2100 2891 (Goffiedo
2119 2855 2140 2878 e
2168 2836 2256 2879 Te?

408 2907 558 2954 dald0);
587 2908 612 2944 il
641 2910 708 2945 che
737 2913 757 2946 e
787 2909 1051 2956 doppiamente
1080 2916 1213 2956 errato,
1239 2909 1374 2957 perche
1402 2908 1603 2958 l'Epitome
1632 2911 1652 2945 ὲ
1685 2916 1812 2956 esatta,
1840 2911 1877 2946 in
1903 2916 2040 2957 quanto
2067 2909 2151 2946 dice
2179 2909 2259 2947 che·

413 2971 430 2991 ‘⁴
448 2974 543 3010 Atto
572 2975 756 3011 decedens
776 3004 790 3020 „
823 2976 979 3012 lasciava
1009 2976 1078 3012 due
1108 2976 1197 3024 figli,
1226 2982 1388 3025 appunto
1407 2977 1542 3024 perche
1572 2977 1740 3013 Rodolso
1760 2989 1822 3012 era
1840 2981 2028 3024 premorto
2056 2976 2089 3012 al
2118 2975 2247 3024 padre,
