2288 3476
201 1223 221 1239 t.
237 1222 262 1241 ³7
270 1222 283 1235 r

189 1431 263 1452 Mun„
279 1430 319 1454 360

203 2292 291 2312 c.27v

377 199 425 235 30
1071 196 1201 232 VITA
1229 195 1523 232 MATHILDIS

1036 318 1248 352 MANTUA
1271 319 1561 353 RESPONDIT.

773 391 871 430 Quid
893 390 1003 434 proba
1027 390 1170 424 dixisti?
1195 391 1311 424 Metra
1334 391 1483 433 plurima
1503 396 1539 424 te
1563 391 1637 424 sine
1661 391 1755 424 finxi.

672 453 726 478 680
771 445 957 477 Immemor
980 455 1018 476 es
1041 445 1158 477 forsan
1181 451 1368 477 metrorum
1391 454 1447 476 me
1471 445 1548 477 fore
1571 450 1717 486 portam.

767 499 887 531 Dulcis
909 499 1024 530 amica
1046 508 1134 535 mea,
1157 497 1325 540 generavi
1347 508 1496 541 namque
1519 503 1658 539 poetam

768 551 965 594 Virgilium,
990 556 1123 583 certum
1146 560 1250 593 super
1273 560 1402 590 omnes,
1426 551 1532 583 edere
1549 561 1678 584 versus.

1081 647 1301 683 CANOSSA
1324 649 1468 682 DICIT.

767 724 838 757 Ore
863 731 921 757 tuo
945 725 1114 767 dampnas
1136 730 1244 758 temet
1266 725 1408 757 nimium
1431 735 1509 758 mea
1531 725 1655 763 fallam

770 778 952 821 Numquid
975 788 1047 811 non
1069 788 1179 811 nosco
1203 784 1368 822 quantum
1391 779 1454 812 tibi
1477 779 1631 821 pertinet
1654 784 1755 812 autor

667 839 719 872 685
768 831 964 875 Virgilius?
990 830 1134 874 Quippe
1157 832 1295 876 genitus
1319 833 1363 866 de
1387 839 1421 866 te
1446 832 1515 865 fuit
1538 832 1626 875 ipse,

766 884 838 918 Sed
860 885 1007 918 sufferre
1031 891 1124 919 tuum
1148 886 1271 929 nequit
1294 886 1528 929 opprobrium,
1551 887 1618 919 sibi
1642 887 1776 925 durum,

769 938 861 971 Olim
885 940 981 982 quod
1004 939 1084 972 vilis
1106 949 1171 982 per
1192 949 1311 984 regem
1335 939 1536 973 sustinuisti.

767 993 896 1026 Cantat
918 1003 1042 1035 nempe
1066 999 1212 1026 metrum
1236 993 1281 1026 de
1305 999 1350 1035 te,
1374 994 1469 1037 quod
1492 994 1562 1027 scis
1584 994 1675 1027 bene
1698 1005 1852 1027 mecum:

773 1046 945 1079 “Mantua
968 1057 1044 1085 vae,
1067 1047 1214 1079 miserae
1237 1047 1382 1079 nimium
1406 1047 1522 1080 vicina
1545 1047 1736 1081 Cremonae
1751 1072 1780 1089 „.

668 1107 723 1139 690
769 1100 818 1133 Ut
840 1106 876 1132 te
899 1109 1101 1144 cognoscas,
1124 1100 1241 1134 statim
1263 1100 1417 1133 recolam
1442 1100 1504 1133 tibi
1529 1111 1661 1134 causas.

766 1153 939 1186 Antonius
961 1154 1103 1197 quidam
1128 1154 1316 1187 commovit
1339 1154 1500 1187 Caesaris
1521 1155 1624 1193 iram3

768 1206 918 1250 Propter
939 1218 1018 1240 eum
1040 1218 1122 1239 rura
1145 1218 1207 1239 sua
1229 1206 1384 1250 perdidit
1407 1207 1478 1240 alta
1500 1207 1689 1241 Cremona'

765 1260 893 1294 Cesare
919 1261 1023 1293 dante
1047 1260 1200 1304 quidem,
1222 1266 1282 1293 tua
1304 1260 1472 1294 militibus
1495 1262 1594 1294 dedit
1615 1262 1719 1295 idem.

766 1314 820 1346 Te
845 1314 1087 1347 conculcatam
1111 1314 1287 1347 dimittens
1311 1314 1454 1354 Titirus‚
1479 1325 1580 1348 auras

671 1375 724 1408 695
771 1368 916 1400 Nostras
940 1372 975 1400 et
999 1366 1114 1407 silvas,
1137 1373 1272 1400 montes
1294 1367 1396 1410 petiit
1420 1378 1557 1412 quoque
1581 1369 1692 1408 villas,

768 1421 1027 1464 Castaneasque
1051 1420 1172 1459 bonas,
1197 1420 1406 1454 comedebat
1429 1422 1524 1454 mitia
1546 1432 1662 1464 poma.

768 1475 864 1507 Haec
888 1474 953 1507 tibi
975 1475 1044 1507 sint
1065 1480 1159 1514 nota,
1183 1474 1340 1508 Maronis
1363 1475 1491 1508 dicitur
1514 1476 1593 1508 aula

769 1527 947 1560 Hactenus
969 1532 1004 1559 et
1027 1526 1124 1566 silva,
1148 1538 1213 1571 per
1235 1538 1338 1571 quam
1361 1527 1528 1571 pascebat
1550 1528 1682 1562 ovillas.

768 1580 834 1614 Ast
855 1586 891 1614 et
913 1580 1045 1613 Balista
1066 1591 1175 1619 mons,
1198 1580 1353 1614 nascitur
1376 1582 1468 1614 hanc
1491 1592 1602 1624 prope
1625 1582 1759 1620 silvam,

673 1649 727 1675 700
772 1635 813 1667 In
835 1645 904 1678 quo
927 1634 1094 1678 Virgilius
1116 1635 1254 1668 titulum
1277 1635 1366 1669 facit
1388 1635 1456 1668 hoc
1479 1635 1583 1669 modo
1607 1636 1786 1679 scriptum:

773 1689 787 1706 ‘⁴
802 1688 923 1722 Monte
947 1689 1011 1722 sub
1033 1689 1101 1722 hoc
1124 1689 1278 1732 lapidum
1300 1689 1429 1734 tegitur
1452 1689 1583 1723 Balista
1613 1689 1780 1732 sepultus,

860 1742 876 1758 ⁴⁴
895 1741 1008 1775 Nocte
1031 1741 1089 1775 die
1112 1747 1224 1775 tutum
1249 1753 1355 1785 carpe
1377 1743 1501 1781 viator,
1525 1743 1593 1776 iter
1607 1767 1637 1783 „.

769 1796 836 1828 Hic
859 1796 991 1829 Balista
1014 1796 1103 1829 latro
1126 1796 1195 1829 fuit
1215 1796 1350 1840 ingens,
1375 1797 1461 1829 haec
1488 1806 1627 1840 quoque
1650 1796 1751 1829 Maro

769 1849 961 1892 Propterea
984 1849 1134 1892 scripsit.
1158 1850 1240 1892 quia
1262 1855 1416 1883 mortuus
1439 1850 1554 1886 extitit
1576 1850 1661 1883 illic.

675 1917 726 1944 705
773 1903 828 1936 Ex
849 1904 918 1935 hoc
941 1903 1036 1946 quod
1059 1903 1197 1942 scimus,
1221 1908 1320 1945 potes
1345 1909 1379 1936 et
1401 1909 1440 1936 tu
1464 1904 1602 1937 discere
1625 1904 1711 1937 visu.

770 1957 808 1990 Si
831 1957 918 2000 quid
940 1957 1049 1990 habes
1073 1957 1180 1996 dubii,
1202 1957 1281 2001 lege
1305 1958 1407 2000 primi
1433 1958 1587 1990 carmina
1611 1957 1690 1990 libri

769 2010 891 2052 Ipsius,
916 2017 951 2044 et
973 2011 1088 2043 statim
1111 2016 1149 2044 tu
1172 2021 1243 2044 non
1266 2021 1344 2044 mea
1369 2011 1463 2044 dicta
1486 2011 1641 2055 negabis.

771 2063 924 2103 Quando
948 2069 982 2096 te
1005 2064 1097 2107 fugit
1119 2063 1291 2104 miseram,
1313 2074 1425 2107 prope
1449 2074 1503 2097 me
1528 2065 1691 2104 cucurrit,

728 2145 731 2146 γ
770 2116 873 2156 Quae
896 2117 1070 2150 meditans
1092 2117 1201 2155 finxit,
1224 2117 1331 2150 michi
1354 2117 1512 2160 primitus
1534 2118 1629 2152 haud
1650 2118 1714 2152 tibi
1737 2119 1834 2151 dixit.

674 2184 727 2211 710
771 2171 866 2214 Ergo
890 2181 959 2214 qua
982 2170 1098 2203 fronte
1119 2176 1220 2213 potes
1242 2170 1337 2203 illum
1362 2171 1560 2214 quaerere?
1586 2172 1711 2205 Nonne

769 2222 928 2258 Perrexit
949 2224 1100 2257 Romam
1123 2224 1220 2268 regni
1242 2224 1395 2268 rogitare
1419 2224 1601 2258 coronam'

770 2278 876 2311 Liber
897 2283 935 2310 ut
956 2288 1031 2311 esse
1055 2278 1185 2321 queat?
1210 2278 1286 2311 Sibi
1309 2288 1411 2321 quam
1434 2278 1533 2311 dedit
1555 2279 1637 2312 ilico
1661 2279 1768 2313 Cesar

770 2331 944 2376 Cognovit
966 2338 1148 2375 postquam
1172 2332 1336 2374 sapientis
1360 2333 1516 2365 carmina
1541 2333 1658 2366 docta.

770 2385 847 2418 Hoc
869 2391 907 2418 tu
928 2385 1010 2418 nolo
1034 2395 1140 2429 neges
1161 2385 1281 2418 recolo
1303 2385 1368 2418 tibi
1392 2392 1502 2419 metra
1524 2392 1682 2428 repente:

675 2453 725 2480 715
778 2441 793 2457 “
807 2438 920 2472 Nocte
943 2438 1031 2482 pluit
1053 2444 1136 2477 tota,
1159 2438 1309 2472 redeunt
1330 2440 1532 2482 spectacula
1555 2451 1668 2479 mane,

775 2494 790 2510 “
803 2492 960 2525 Divisum
982 2492 1165 2534 imperium
1189 2503 1267 2526 cum
1290 2493 1372 2525 Iove
1398 2492 1506 2526 Cesar
1527 2493 1635 2527 habes
1650 2519 1678 2535 „.

769 2546 844 2579 Hec
867 2545 969 2578 Maro
993 2555 1104 2588 pauca
1128 2545 1211 2579 iecit
1234 2546 1327 2590 regis
1349 2546 1386 2578 in
1410 2546 1509 2585 aula;

466 2668 492 2684 v.
514 2659 572 2692 701)
591 2659 702 2684 Bausta
721 2658 835 2683 sarebbe
861 2659 937 2683 stato
963 2659 1087 2683 secondo
1112 2658 1230 2683 Donato
1250 2658 1271 2682 il

378 2704 499 2726 maestro
518 2702 550 2726 dl
574 2709 631 2726 una
656 2702 755 2726 scuola
774 2701 804 2726 di
829 2700 997 2733 gladiatori,
1022 2700 1152 2732 lapidato
1178 2708 1227 2732 per
1246 2700 1272 2724 le

378 2751 426 2768 sue
445 2745 565 2774 ruberie,
582 2751 598 2769 e
617 2752 666 2776 per
690 2751 752 2769 esso
778 2743 905 2776 Virgilio
931 2743 1049 2768 avrebbe
1076 2744 1186 2774 scritto,
1208 2743 1272 2767 dice

379 2786 503 2816 Donato,
521 2789 622 2819 questo
635 2787 751 2811 distica.
788 2786 952 2819 Nell'opera
973 2786 1047 2811 Vicus
1061 2786 1181 2811 And-'cus
1194 2786 1223 2810 di
1237 2786 1272 2810 A.

378 2828 442 2853 Dat.
459 2829 560 2854 Ζοττο
580 2828 739 2861 (Mantova‚
768 2835 842 2861 1930.
867 2828 902 2853 R.
927 2828 1032 2853 Accad.
1052 2828 1217 2860 virgiliana
1242 2828 1271 2852 di

379 2870 523 2900 Mantova,
543 2871 600 2896 vol.
622 2871 707 2903 VIII),
726 2879 752 2904 p.
776 2877 823 2902 117
843 2878 858 2896 e
878 2879 937 2904 sgg.
957 2872 979 2896 si
1001 2871 1069 2896 vuol
1096 2872 1273 2896 riconoscere

379 2913 454 2944 negli
474 2913 592 2938 accenni
611 2913 639 2937 di
660 2913 695 2938 D.
714 2914 741 2938 le
753 2915 846 2938 tracce
858 2914 933 2938 della
946 2913 1110 2938 tradizione
1123 2913 1214 2938 locale
1228 2913 1272 2938 del

378 2953 473 2983 Poeta,
493 2954 551 2985 che,
570 2962 623 2988 pur
642 2955 817 2980 riverberata
836 2957 865 2980 in
885 2955 973 2988 luogo
988 2963 1045 2980 non
1066 2956 1196 2988 proprio,
1216 2956 1272 2980 tut-

380 2997 457 3020 tnvia
477 2996 591 3021 sarebbe
603 2997 775 3022 documento
795 2997 870 3022 della
889 2997 1028 3022 esistenza
1048 2997 1144 3022 antica
1164 2997 1192 3021 di
1215 3005 1272 3022 una

1336 2659 1458 2683 Valestra
1478 2667 1574 2691 presso
1595 2660 1615 2683 il
1636 2659 1723 2692 luogo
1743 2660 1838 2685 natale
1857 2659 1886 2684 di
1907 2659 2045 2693 Virgine.
2250 2685 2253 2688 Α
2270 2686 2272 2691 ,

1415 2711 1442 2727 v.
1463 2709 1514 2733 715
1532 2711 1546 2727 e
1564 2701 1640 2735 sgg.)
1661 2701 1769 2731 Questa
1789 2703 1921 2728 storlella
1940 2702 1986 2727 del
2005 2702 2080 2727 ver-1
2099 2701 2165 2727 fatti
2185 2701 2220 2727 ἀι
2247 2703 2272 2738 a}

1327 2744 1454 2777 Virgilio
1473 2753 1487 2769 e
1501 2745 1550 2769 che
1564 2753 1602 2770 un
1617 2747 1695 2770 certo
1715 2745 1824 2770 Batillo
1839 2747 1862 2770 si
1877 2753 1924 2769 era
1944 2744 2100 2774 attribum,
2112 2743 2221 2778 &preat
2251 2741 2265 2747 ‘

1327 2786 1362 2809 da
1380 2786 1513 2810 Donato:
1540 2786 1603 2811 solo
1629 2786 1678 2810 che
1697 2787 1789 2818 questi
1816 2787 1950 2810 racconta
1972 2793 2010 2810 un
2029 2784 2077 2818 po'
2096 2785 2220 2809 diversa·
2271 2790 2274 2817 ζ

1327 2829 1419 2852 mente
1439 2835 1517 2851 come
1536 2828 1663 2859 Virgilio
1683 2827 1841 2852 smaschero
1861 2827 2047 2859 Pimpostore,
2067 2825 2220 2852 scrivendo

1327 2869 1402 2894 sulla
1420 2871 1503 2902 porta
1523 2870 1597 2895 della
1620 2871 1717 2902 reggia
1738 2871 1745 2894 i
1767 2871 1855 2894 nuovi
1877 2869 1960 2900 versi,
1980 2877 2024 2894 ma
2043 2868 2220 2901 incompletl.
2247 2873 2271 2900 ᾗ

1327 2911 1390 2936 eloe
1409 2912 1487 2945 dopo
1513 2912 1619 2937 l’·‘Hos
1644 2919 1695 2945 ego
1722 2914 1810 2942 etc.„,
1837 2913 1973 2944 aggiunse
1997 2912 2114 2943 quattro
2139 2911 2220 2936 volte
2246 2919 2262 2939 χ.

1330 2954 1400 2979 “Sic
1420 2962 1471 2978 vos
1491 2961 1550 2979 non
1569 2954 1652 2979 vobis
1664 2972 1676 2983 „
1699 2953 1846 2978 lasciando
1867 2952 2042 2985 incompleta
2055 2952 2084 2977 la
2096 2952 2218 2977 secunda
2268 2959 2269 2962 ¹

1327 2998 1406 3029 parte
1425 2997 1469 3021 del
1491 3003 1582 3027 verso,
1602 2997 1651 3020 che
1670 2995 1778 3020 Batillo
1798 3002 1856 3019 non
1875 2993 1942 3028 pote
1961 2995 2096 3028 compire.
