2288 3476
419 204 583 242 XLVIII
1175 209 1477 246 PREFAZION
1479 211 1513 246 E

421 282 2283 299 ......................................................................................................................................................................................................

418 335 550 362 cantur.
597 330 682 362 Atto
706 330 772 362 iste
796 332 971 363 secundus
993 331 1156 373 locuplex
1179 332 1280 365 nimis
1302 339 1425 375 postea
1448 333 1573 367 Comes
1598 335 1746 368 effectus
1770 342 1831 369 est.
1878 337 1999 371 Hicin
2013 338 2122 371 arduo
2138 339 2264 373 montis

416 381 495 414 loco
520 393 597 415 cum
620 383 798 415 voluntate
822 384 1023 428 Berengarii
1040 385 1091 416 III
1107 385 1337 428 imperatoris,
1352 386 1509 419 scilicem
1533 398 1670 430 asprum
1687 389 1870 430 aspiciens,
1894 396 2044 423 castrum
2067 392 2174 425 mirae
2191 393 2263 425 for·

416 436 574 468 titudinis
590 435 719 467 ibidem
746 438 904 470 extruxit.
953 438 1041 470 Eum
1064 439 1204 481 quidem
1229 439 1416 472 Canossam
1448 442 1598 474 vocavit.
1645 441 1771 474 Parum
1802 443 1942 485 quidem
1974 450 2053 486 post
2076 445 2264 487 imperator

419 500 497 522 cum
520 488 639 522 Azone
664 490 830 530 turbatus,
854 491 1041 524 Canossam
1066 492 1213 525 obsedit.
1261 493 1336 525 Nec
1361 499 1474 526 tamen
1500 500 1649 528 castrum
1674 496 1801 528 habere
1818 497 1939 539 potuit.
1985 498 2125 531 Mortuo
2148 505 2283 542 autem,

418 543 485 575 hoc
510 542 735 586 Berengario,
759 543 943 576 Lotharius
961 545 992 576 II
1015 545 1211 588 imperavit.
1258 547 1325 579 Hic
1349 547 1385 578 in
1408 557 1554 579 uxorem
1581 548 1679 581 duxit
1701 548 1934 593 Adeleytham
1957 551 2168 584 nobilissimo
2194 551 2286 593 Ita-J

419 596 528 628 lorum
545 596 712 639 sanguine
729 603 966 640 propagatam.
1013 599 1058 631 Et
1074 599 1140 631 hoc
1157 610 1295 642 quoque
1312 600 1476 633 Lothario
1492 601 1565 633 vita
1580 601 1713 641 functo,
1730 602 1928 647 Adeleytha
1944 604 2144 647 imperatrix
2160 604 2264 638 vidua

417 654 451 680 et
474 650 596 681 relicta
620 650 793 683 remansit.
841 650 955 688 Quam
980 652 1210 696 Berengarius
1235 653 1300 685 IIII
1324 653 1491 686 Lothario
1522 655 1727 692 succedens,
1755 656 1813 698 qui
1839 666 1916 688 cum
1939 655 2085 690 Alberto
2108 657 2178 690 filio
2201 665 2288 697 suo*¹

419 712 508 734 anno
534 703 670 734 Domini
694 703 1002 737 DCCCCXLVIII
1025 706 1195 747 imperare
1218 707 1324 748 cepit,
1340 707 1374 738 in
1392 708 1647 740 matrimonium
1664 708 1795 741 habere
1811 709 1930 742 voluit.
1978 710 2049 742 Sed
2065 698 2288 762 Adeleythafi

416 756 638 797 imperatrice
662 767 729 788 non
756 758 1006 797 consentiente,
1031 757 1263 802 Berengarius
1286 760 1482 793 antedictus
1505 761 1613 803 ipsam
1645 762 1680 793 in
1710 762 1822 795 fundo
1851 763 1956 795 turris
1986 764 2079 806 apud
2111 761 2288 832 Gardamg

418 815 566 841 castrum
592 815 659 842 etc.

507 916 612 951 Ecco
641 917 651 950 i
681 916 752 952 due
779 917 884 952 brani
913 918 1183 955 sull'uccisione
1212 920 1248 955 di
1278 921 1472 955 Bonifacio
1501 933 1521 956 e
1551 922 1585 957 la
1617 927 1787 968 scoperta
1814 921 1874 958 del
1904 922 2049 970 Sangue
2078 922 2116 959 di
2143 924 2278 960 Cristo

418 982 485 1017 che
513 982 539 1017 il
567 983 749 1019 Muratori
778 997 883 1031 prese
913 985 1012 1021 dalla
1041 986 1244 1035 Reggz'ana
1272 999 1292 1022 e
1321 987 1528 1034 riprodusse
1557 988 1652 1024 nella
1681 989 1903 1035 prefazione.

505 1068 661 1113 Cumque
684 1081 720 1103 se
742 1071 789 1103 ad
812 1073 1008 1114 sepulcrum
1033 1073 1165 1106 domini
1195 1075 1230 1106 in
1255 1074 1447 1117 Jerusalem
1479 1081 1617 1117 pararet
1650 1075 1832 1114 accedere,
1863 1087 1942 1109 cum
1965 1076 2112 1110 navibus
2134 1083 2168 1111 et
2192 1077 2267 1111 aliis

416 1123 619 1156 necessariis
642 1135 705 1167 pro
735 1125 860 1157 itinere
885 1131 992 1164 tanto,
1016 1127 1051 1158 in
1083 1138 1220 1160 suorum
1251 1128 1388 1160 veniam
1419 1135 1632 1170 pecatorum,
1665 1130 1748 1161 dum
1777 1130 1938 1172 predicta
1967 1136 2143 1172 parantur,
2173 1131 2275 1166 torte.

417 1177 524 1209 semel
546 1177 636 1210 ultra
659 1178 775 1211 Olium
792 1179 930 1220 flumen,
947 1180 981 1212 in
998 1180 1153 1223 partibus
1171 1181 1206 1214 S.
1222 1181 1365 1214 Martini
1382 1182 1426 1214 de
1443 1182 1584 1221 Arzino‚
1609 1183 1776 1216 territorii
1799 1183 2055 1222 Cremonensis,
2078 1195 2100 1217 a
2115 1184 2278 1227 quodam'

414 1229 584 1273 Scarpeta
605 1232 745 1264 nomine
771 1233 814 1265 de
838 1233 975 1275 Parma,
1007 1234 1065 1266 cui
1094 1235 1164 1278 jam
1197 1235 1367 1267 offensam
1397 1236 1586 1275 intullerat,
1610 1236 1797 1269 arrundine
1829 1243 2001 1269 venenata
2023 1237 2094 1270 fuit
2116 1237 2264 1271 letaliter

415 1283 626 1317 vulneratus.
672 1285 724 1317 De
749 1296 816 1328 quo
840 1288 983 1319 vulnere
1007 1293 1162 1320 mortuus
1186 1288 1262 1327 fuit,
1279 1294 1314 1321 et
1330 1288 1496 1321 Mantuae
1513 1288 1550 1320 in
1567 1290 1715 1322 ecclesia
1739 1290 1859 1322 Sancti
1875 1290 1975 1322 Beati
1991 1290 2086 1324 Petri
2102 1290 2266 1334 Apostoli

417 1342 469 1369 est
492 1337 658 1379 sepultus,

504 1389 646 1423 Beatrix
667 1403 736 1435 que
752 1398 787 1425 et
802 1393 974 1426 Mathilda
998 1394 1091 1427 dicta
1106 1401 1167 1432 est,
1192 1395 1339 1433 ducissa,
1363 1395 1627 1434 marchionissa,
1645 1401 1679 1428 et
1695 1396 1871 1429 comitissa
1894 1397 2077 1429 comitatus
2099 1397 2265 1440 alliasque

415 1450 526 1476 terras
551 1451 586 1477 et
610 1450 734 1487 castra,
758 1452 838 1487 post
861 1446 1036 1479 Bonifacii
1060 1447 1125 1479 viri
1157 1453 1304 1480 mortem
1328 1457 1404 1480 xxv
1427 1448 1525 1480 annis
1549 1459 1627 1481 cum
1655 1448 1825 1482 Mathilde
1848 1449 1918 1482 filia
1941 1460 2012 1488 sua,
2034 1450 2126 1482 virili
2148 1451 2265 1483 animo

414 1497 676 1531 administravit.
722 1499 799 1532 Hae
824 1500 892 1532 duo
916 1501 1122 1533 monasteria
1146 1507 1424 1534 construxerunt.
1470 1502 1568 1534 Unus
1592 1502 1628 1534 in
1652 1502 1729 1535 loco
1746 1503 1805 1545 qui
1822 1503 1947 1535 dicitur
1969 1503 2216 1536 Phrisenorum
2232 1509 2268 1536 et

415 1551 511 1584 aliud
534 1551 570 1583 in
594 1551 758 1585 canossa.
803 1553 995 1597 Rebusque
1010 1561 1046 1587 et
1061 1555 1191 1597 prediis
1206 1554 1415 1587 sufficienter
1437 1556 1644 1588 ditaverunt.
1691 1556 1745 1588 Eo
1761 1562 1916 1599 tempore
1940 1557 2125 1590 maximum
2140 1557 2267 1590 scisma

416 1604 509 1637 inter
532 1615 657 1648 papam
686 1612 720 1639 et
743 1607 995 1650 Imperatorum
1019 1607 1096 1646 fuit,
1120 1608 1164 1641 de
1188 1619 1257 1651 quo
1281 1609 1425 1641 multum
1449 1609 1561 1642 doluit
1584 1609 1770 1642 Comitissa
1793 1609 1944 1647 Beatrix,
1968 1609 2174 1654 duravitque
2196 1611 2275 1644 hoc

415 1659 543 1691 scisma
566 1670 630 1702 per
652 1660 770 1702 plures
794 1671 915 1693 annos.

502 1713 572 1745 Per
594 1714 688 1746 idem
711 1725 848 1758 quoque
872 1721 1008 1757 tempus
1032 1714 1225 1749 Vestiarius
1248 1716 1388 1759 quidam
1412 1716 1484 1749 sive
1501 1726 1588 1759 puer
1604 1717 1779 1749 comitisse
1799 1717 1967 1749 Beatricis
1984 1718 2122 1751 nomine
2145 1715 2285 1761 Αᾱὴο-’

414 1767 541 1806 bertus,
565 1767 709 1800 Mantue
732 1769 767 1801 in
791 1768 957 1811 hospitali
982 1769 1078 1802 Sacti
1103 1769 1247 1802 Andree
1272 1780 1402 1802 moram
1424 1770 1595 1803 trahebat.
1642 1770 1725 1802 Erat
1756 1776 1870 1803 autem
1901 1770 1930 1803 is
1953 1781 2067 1809 cecus,
2097 1781 2141 1804 ex
2170 1770 2279 1803 infir-—

414 1822 531 1853 mitate
555 1821 692 1854 efectus
716 1822 775 1865 qui
791 1827 860 1854 tam
884 1821 1024 1865 vigiliis,
1049 1829 1083 1854 et
1106 1822 1321 1856 orationibus
1344 1823 1472 1867 jugiter
1496 1822 1686 1856 insistebat.
1733 1823 1798 1856 Cui
1815 1833 1877 1865 per
1900 1824 2065 1857 visionem
2090 1834 2279 1867 apparens

415 1874 565 1907 Sanctus
594 1874 756 1908 Andreas
787 1874 1009 1918 Appostolus,
1041 1876 1173 1909 monuit
1203 1882 1242 1909 ut
1272 1876 1407 1910 diceret
1436 1877 1587 1909 Beatrici
1618 1876 1824 1916 comitissae,
1855 1887 1944 1920 quae
1975 1877 2110 1910 faceret
2139 1878 2270 1915 fodere,

413 1929 508 1972 juxta
530 1928 719 1962 oratorium
743 1939 852 1968 suum,
874 1930 990 1962 locum
1014 1929 1203 1968 insinuans,
1219 1935 1254 1962 et
1272 1930 1320 1963 ibi
1336 1940 1461 1972 corpus
1483 1930 1634 1973 Longini
1657 1930 1774 1963 militis
1789 1937 1823 1963 et
1845 1931 2004 1969 martiris,
2028 1942 2106 1964 cum
2129 1931 2223 1964 duob
2265 1933 2280 1966 J

414 1981 573 2021 vasculis,
596 1983 634 2014 in
664 1981 788 2024 quibus
819 1989 917 2015 erant
946 1983 1087 2027 sanguis
1118 1990 1153 2016 et
1184 1995 1284 2027 aqua,
1314 1994 1402 2027 quae
1434 1984 1607 2016 fluxerunt
1638 1985 1682 2018 de
1707 1984 1814 2017 latere
1847 1984 2048 2025 Salvatoris,
2078 1985 2263 2020 inveniret.

416 2033 523 2073 Quod
539 2046 618 2068 cum
641 2036 819 2078 predictus
841 2036 1020 2069 vestiarius
1043 2037 1171 2079 prefati
1197 2037 1348 2070 Beatrici
1372 2037 1565 2070 comitissae
1588 2047 1653 2080 per
1676 2036 1833 2070 ordinem
1857 2037 2040 2078 retulisset,
2062 2037 2123 2070 illa
2137 2037 2278 2078 intulit,

416 2089 444 2120 si
466 2089 513 2120 ita
534 2099 605 2121 non
629 2089 707 2127 erit,
730 2089 858 2122 faciam
882 2094 917 2122 te
941 2090 1087 2133 flagellis
1111 2089 1200 2122 cedi.
1249 2090 1395 2123 Foditur
1418 2090 1522 2133 igitur
1544 2091 1591 2123 ad
1604 2090 1732 2133 jussum
1757 2091 1950 2123 comitissae
1973 2097 2076 2130 terra,
2099 2091 2162 2123 sed
2176 2090 2251 2124 nihi
2270 2113 2277 2134 *2

415 2142 602 2180 invenitur,
626 2142 772 2186 flagellis
787 2152 871 2175 vero
888 2143 1026 2175 ceditur
1043 2142 1288 2176 Adhelbertus.
1335 2142 1508 2186 Apparuit
1523 2144 1677 2176 secundo
1694 2143 1814 2175 beatus
1831 2143 1990 2177 Andreas
2006 2144 2120 2177 eidem
2135 2143 2247 2177 vestis
2267 2154 2277 2174 ἡ

413 2195 476 2232 rio,
499 2196 654 2238 superius
676 2195 836 2228 iterando
859 2201 1076 2238 preceptum,
1100 2195 1234 2228 foditur
1256 2196 1379 2229 iterum
1404 2202 1497 2228 terra
1520 2207 1585 2228 nec
1608 2196 1725 2239 aliquo
1756 2197 1909 2235 invent0‚
1934 2197 2060 2229 iterum
2083 2196 2223 2230 vestiat-i
2254 2205 2270 2224 -v

414 2248 604 2292 flagelatur.
649 2248 835 2292 Apparens
857 2260 997 2293 quoque
1021 2249 1125 2282 tertio
1149 2249 1274 2282 beatus
1304 2249 1475 2288 Andreas,
1508 2250 1649 2282 omnino
1680 2250 1783 2283 etiam
1816 2251 1913 2292 operi
1940 2251 2078 2294 prefato
2102 2251 2270 2284 insisten-

415 2301 497 2334 dum
520 2303 708 2335 admonuit.
756 2303 854 2341 Quid
876 2302 1004 2345 plura?
1027 2303 1136 2336 tercio
1153 2303 1247 2335 fossa
1270 2308 1362 2335 terra
1387 2309 1448 2341 est,
1465 2303 1525 2335 ubi
1542 2309 1684 2336 sanctus
1700 2302 1861 2336 Andreas
1884 2303 2097 2346 Appostolus
2113 2304 2272 2337 edocue-

415 2361 479 2388 rat.
526 2354 607 2394 Quo
633 2355 726 2389 facto
749 2356 910 2389 inventus
933 2362 984 2388 est
1008 2356 1281 2398 preciosissimus
1297 2356 1357 2388 ille
1373 2356 1555 2389 thesaurus
1578 2356 1715 2388 scilicet
1737 2357 1878 2399 sanguis
1895 2363 1931 2389 et
1946 2368 2046 2401 aqua,
2068 2357 2104 2389 in
2128 2356 2223 2390 duob
2263 2367 2264 2373 ¹

413 2409 574 2446 vasculis,
597 2415 634 2442 ut
656 2415 795 2442 sanctus
818 2409 956 2441 dixerat
973 2408 1142 2447 Andreas,
1159 2419 1248 2453 quae
1267 2409 1310 2442 de
1328 2409 1435 2442 latere
1453 2409 1622 2442 fluxerant
1639 2409 1840 2447 Salvatoris,
1865 2410 2006 2443 inventa
2023 2416 2058 2443 et
2072 2410 2139 2443 fuit
2153 2410 2249 2442 arch

414 2461 569 2505 insignis,
592 2462 628 2494 in
644 2473 713 2505 qua
736 2462 886 2506 Longini
910 2462 1028 2495 militis
1051 2472 1177 2504 corpus
1201 2468 1288 2495 erat.

502 2516 586 2548 Post
614 2516 681 2548 hec
711 2515 887 2549 comitissa
918 2516 1059 2548 Beatrix
1090 2516 1182 2548 diem
1206 2516 1338 2554 obiens,
1369 2515 1514 2548 Mantue
1537 2517 1714 2558 sepelitur.
1761 2516 1946 2549 Mathildis
1976 2515 2097 2560 virago
2123 2515 2271 2556 nobilis,

415 2569 583 2602 defuncta
617 2576 737 2611 matre,
761 2567 969 2601 Comitatum
1004 2567 1156 2601 Canosse
1187 2569 1339 2612 aliasque
1370 2569 1528 2602 civitates
1559 2575 1595 2602 et
1624 2575 1738 2603 castra
1774 2579 1873 2602 xxxv
1895 2570 2003 2609 annis,
2039 2575 2074 2602 et
2102 2559 2271 2613 amplius,

415 2628 554 2655 strenue
577 2621 796 2666 gubernavit.

503 2675 601 2708 Haec
624 2675 735 2708 sancti
757 2675 855 2708 Petri
878 2675 1063 2719 Appostoli
1093 2676 1160 2708 fuit
1191 2676 1410 2709 devotissima
1441 2676 1520 2708 filia.
1567 2676 1655 2709 Nam
1687 2683 1842 2719 tempore
1872 2675 2065 2709 Alexandri
2095 2675 2191 2719 Pape
2216 2666 2268 2715 11,

413 2730 469 2772 qui
494 2729 584 2762 sedit
607 2739 699 2761 anno
723 2729 861 2761 Domini
884 2729 1052 2767 MLXIII,
1078 2729 1270 2762 Normandi
1294 2739 1438 2772 regnum
1470 2729 1622 2772 Appulie
1646 2735 1912 2772 occupaverunt,
1936 2729 2021 2762 fines
2050 2728 2271 2777 Ο8ωρ8ιιὶ8,

413 2781 643 2820 devastantes,
666 2783 701 2813 in
724 2782 810 2814 sumi
835 2782 1010 2815 Pontificis
1033 2782 1276 2826 prejudicium.
1323 2781 1423 2821 Quos
1447 2783 1684 2825 Gotiphredus
1701 2783 1771 2815 dux
1794 2783 2013 2825 Spoletanus,
2029 2788 2064 2814 et
2087 2781 2176 2815 comi
2194 2782 2232 2809 2:
2257 2778 2272 2826 3]

413 2835 595 2868 Mathildis
617 2836 762 2869 viriliter
786 2835 1001 2878 expulerunt.
1050 2834 1229 2868 Mathildis
1252 2837 1328 2874 ista,
1353 2836 1526 2868 comitissa
1550 2837 1725 2879 quendam
1753 2835 1904 2869 nobilem
1928 2847 1971 2868 ex
1994 2835 2159 2869 militibus

413 2888 450 2920 in
472 2889 630 2922 maritum
654 2890 801 2932 accepit.
848 2890 899 2922 De
922 2900 991 2932 quo
1015 2889 1190 2931 concepit,
1214 2895 1249 2921 et
1271 2889 1408 2931 peperit
1423 2888 1539 2927 filium,
1564 2889 1623 2932 qui
1646 2899 1767 2931 parum
1789 2889 2023 2931 supervivens,
2048 2888 2139 2921 diem
2163 2887 2251 2921 obiit

416 2941 495 2983 Ipsa
517 2947 629 2974 autem
654 2948 795 2984 propter
819 2942 974 2975 dolorem
999 2948 1125 2984 partus,
1150 2942 1295 2984 amplius
1318 2942 1429 2974 virum
1456 2951 1671 2985 cognoscere
1687 2942 1808 2981 noluit,
1825 2942 1888 2974 sed
1904 2941 2017 2974 factus
2033 2947 2085 2974 est
2100 2940 2197 2974 inimi

415 2993 581 3026 eiusdem.
