2288 3476
237 1289 257 1305 c.
273 1289 322 1308 μιν

226 1855 302 1880 Mun„
317 1861 355 1880 5¹2

423 203 470 239 34
904 204 1215 240 LANDULPHI
1242 204 1314 240 DE
1340 204 1553 240 SANCTO
1581 204 1760 241 PAULO
1945 211 2030 246 [ΑΛ.
2051 177 2203 258 1128-1273

419 336 567 379 populus
583 336 677 379 quasi
695 337 797 369 homo
813 347 900 368 unus
915 336 1121 378 amplissime
1139 341 1173 368 et
1188 335 1334 369 mirifice
1358 335 1581 369 conlaudavit
1596 342 1631 369 et
1646 336 1888 378 conclamavit,
1910 344 1948 371 ut
1964 338 2175 382 archiepisc
2196 336 2198 338 ’

420 388 555 421 veniret
577 395 613 421 et
633 389 826 431 principem
850 389 943 420 illum
967 394 1160 422 coronaret.
1205 389 1264 421 Ad
1287 389 1352 422 hec
1375 400 1513 434 quoque
1536 390 1710 433 Rugerius
1735 389 1899 430 Clivelus,
1922 390 2048 424 nobilis
2078 391 2190 427 milles

420 448 553 483 potens,
576 442 704 484 populo
728 442 982 480 circumstante,
1005 442 1068 474 ait:
1100 441 1196 474 “Per
1219 452 1346 484 corpus
1370 442 1519 480 Domini,
1535 442 1599 475 nisi
1615 443 1773 476 voluntas
1796 443 1864 475 Dei
1886 450 1985 484 esset,
2001 450 2038 478 ut
2053 444 2110 477 hic
2124 455 2193 478 ιιο-

427 496 441 511 “
455 495 611 527 dominus
627 501 861 534 coronaretur,
878 495 940 527 iste
956 495 1162 528 benedictus
1176 495 1325 538 populus
1340 506 1557 539 nequaquam
1574 496 1618 528 ad
1634 495 1773 529 laudem
1790 496 1862 540 ejus
1876 497 1923 530 ita
1939 497 2164 531 concorditer
2185 513 2199 525 u

426 548 441 564 ⁴⁴
454 553 563 579 maret
576 570 604 587 „.
650 547 763 580 Causa
778 548 894 590 itaque
910 548 975 580 ista
991 549 1039 580 sic
1057 547 1263 581 conlaudata
1280 554 1314 581 et
1329 554 1456 581 statuta
1477 547 1661 581 Anselmus
1677 549 1721 581 de
1738 549 1893 595 Badaglo
1908 550 2140 584 subdiaconus
2155 560 2177 584 ο
2203 569 2205 571 v

421 600 546 638 narius,
572 600 687 632 Guido
711 601 755 632 de
780 601 977 633 Landriano
999 601 1143 634 ellectus
1169 602 1358 643 capitanus,
1390 601 1570 635 Guerenzo
1593 602 1637 634 de
1660 602 1883 636 Puzobonelo
1913 613 2058 637 vavasor
2080 610 2198 637 strew-

421 653 677 686 Robacastelus
708 654 794 686 civis
816 660 850 686 et
872 664 978 697 eques
1008 654 1298 687 nominatissimus
1321 665 1365 687 ex
1394 661 1491 697 parte
1521 654 1623 688 totius
1654 655 1738 687 cleri
1763 662 1798 688 et
1820 656 1938 700 populi
1969 652 2200 701 legationenff

421 706 628 739 conlaudato
653 713 687 739 et
711 708 912 740 coronando
943 717 1026 751 rege
1049 707 1210 741 Conrado
1240 707 1398 750 pontifici
1427 707 1593 741 Anselmo
1624 708 1852 743 contulerunt.
1899 707 1969 747 Qui
2000 719 2078 742 cum
2101 714 2206 750 esset
2242 701 2243 706 ¹

421 765 532 791 castro
548 759 667 792 Plebie
684 766 719 792 et
735 759 936 793 intendisset
951 771 1055 803 super
1070 761 1192 793 horum
1208 761 1414 805 legationem
1431 767 1466 794 et
1480 772 1590 794 meam
1606 762 1821 801 relationem,
1837 762 2015 796 festinavit
2029 763 2077 796 ad
2091 773 2149 796 ur·
2243 751 2246 769 ξ

419 811 472 844 De
490 818 605 844 cetero
621 813 706 855 ipse,
725 813 820 856 quasi
837 814 1057 846 consentiens
1080 814 1254 847 communi
1270 815 1421 847 omnium
1436 815 1589 858 gentium
1605 820 1698 853 voto,
1714 814 1749 847 in
1766 815 1919 848 ecclesia
1933 816 2043 858 sancti
2057 815 2186 850 Mich
2244 854 2247 863 ,

423 876 489 907 que
513 871 566 898 est
595 866 784 903 Modoetie,
813 867 1014 900 benedicxit
1037 873 1071 900 et
1092 867 1222 906 uncxit,
1246 873 1280 900 et
1304 877 1466 900 coronam
1498 868 1626 901 ellecto
1656 868 1821 901 Conrado
1844 868 1880 901 in
1903 869 1984 902 festi
2013 867 2135 902 Sancti
2244 867 2247 878 ²

418 919 543 961 posuit,
567 919 676 952 altero
701 920 868 963 episcopo
894 927 1026 953 astante
1049 921 1125 965 regi
1141 922 1341 954 coronando
1353 920 1376 954 ².
1421 922 1461 954 In
1476 931 1544 965 quo
1559 921 1655 954 facto
1673 932 1738 965 ego
1755 922 1884 966 quippe
1900 923 2001 967 piger
2016 932 2086 956 non
2108 923 2176 962 fui5

418 977 497 1004 ante
519 972 631 1014 ipsum
654 973 852 1015 pontificem
877 973 1054 1016 ipsumque
1078 979 1280 1006 coronatum
1303 974 1347 1007 ab
1371 974 1519 1006 ecclesia
1542 974 1651 1007 sancti
1667 975 1849 1007 Michaelis
1863 975 2096 1017 pontificalem
2247 1007 2249 1009 ,

417 1025 452 1057 in
475 1026 669 1059 admirabili
692 1037 829 1069 pompa,
852 1037 916 1069 per
938 1027 1003 1059 Dei
1027 1027 1237 1060 voluntatem
1262 1034 1483 1071 congregata,
1499 1028 1545 1061 ad
1560 1028 1728 1061 honorem
1744 1028 1833 1060 illius
1848 1028 1938 1072 regis
1953 1038 2062 1072 usque
2078 1029 2124 1063 ad
2148 1045 2151 1047 ·
2168 1029 2201 1057 »4-

417 1079 501 1111 siam
524 1079 632 1112 sancti
656 1080 824 1123 Johannis
836 1079 848 1097 ⁸
871 1080 961 1113 bona
985 1090 1061 1113 cum
1083 1081 1261 1113 voluntate
1277 1082 1426 1123 portavi,
1448 1087 1484 1114 et
1504 1081 1541 1114 in
1557 1081 1665 1114 sancti
1682 1081 1849 1124 Johannis
1865 1081 2013 1115 ecclesia
2026 1075 2207 1126 solempni

418 1142 496 1164 cum
526 1143 610 1176 rege
633 1134 698 1166 isto
729 1145 830 1177 quam
863 1134 994 1176 optimo
1023 1134 1160 1167 missam
1192 1134 1319 1167 audivi.
1365 1134 1524 1167 Eandem
1555 1144 1694 1178 quoque
1723 1135 1998 1178 solempnitatem
2020 1128 2208 1182 coronati]

419 1185 514 1218 idem
536 1187 695 1229 pontifex
716 1187 752 1219 in
777 1187 926 1220 ecclesia
948 1188 1058 1221 sancti
1081 1187 1254 1220 Ambrosii
1267 1187 1289 1226 ⁴,
1313 1199 1366 1221 me
1391 1188 1472 1221 alibi
1495 1198 1564 1220 non
1588 1199 1665 1221 meo
1687 1188 1778 1221 vicio
1802 1189 1954 1229 detento,
1977 1188 2177 1223 celebravit.
2206 1231 2207 1234 ¹

2198 1237 2212 1253 s

507 1274 560 1307 54.
583 1293 624 1298 —
648 1275 906 1315 Verumtamen,
923 1276 1096 1319 quidquid
1112 1276 1243 1308 directe
1259 1278 1326 1308 est'
1343 1281 1456 1308 actum
1473 1275 1508 1307 in
1523 1275 1583 1308 illo
1599 1286 1676 1308 meo
1693 1276 1832 1308 domino
1849 1287 1943 1320 rege,
1959 1276 2068 1309 dilexi
2081 1282 2118 1309 et
2131 1276 2183 1310 di·

419 1327 520 1360 Hunc
545 1338 692 1370 namque
715 1329 930 1372 gradientem
953 1339 1015 1371 per
1040 1329 1219 1361 comitatus
1241 1335 1276 1361 et
1297 1328 1468 1360 marchias
1492 1328 1689 1361 Lonbardie
1713 1334 1748 1361 et
1770 1329 1910 1368 Tuscie,
1941 1329 2082 1362 comites
2106 1335 2140 1363 et
2171 1347 2186 1358 ··

419 1381 573 1419 chiones,
599 1381 837 1425 cujuscunque
861 1382 1051 1415 nobilitatis
1073 1382 1148 1420 viri,
1172 1387 1329 1424 potentes
1352 1387 1387 1413 et
1409 1381 1567 1420 humiles,
1592 1392 1670 1414 cum
1692 1382 1819 1425 gaudio
1843 1388 2076 1425 susceperunt
2097 1387 2132 1415 et
2154 1393 2188 1415 a

419 1440 554 1467 verunt.
601 1433 673 1472 Qui
696 1444 779 1467 vero
803 1435 938 1467 rebeles
960 1436 1111 1473 fuerunt,
1135 1435 1207 1477 ejus
1231 1435 1421 1467 acutissimi
1443 1435 1550 1477 gladii
1574 1435 1812 1468 fortitudinem
1835 1441 2019 1469 senserunt
2041 1441 2145 1479 atque
2159 1439 2208 1477 ms·
2253 1439 2255 1480 j

420 1493 490 1520 tem
505 1494 539 1520 et
555 1488 807 1526 confusionem,
824 1497 890 1520 ceu
908 1488 1088 1520 Anselmus
1110 1488 1268 1520 marchio
1292 1487 1350 1520 dal
1372 1488 1511 1520 Buscho
1525 1487 1549 1528 ⁶,
1572 1493 1607 1520 et
1619 1487 1761 1520 illustris
1773 1511 1782 1520 .
1796 1512 1805 1521 .
1818 1512 1826 1521 .
1839 1512 1848 1521 .
1873 1498 1990 1522 comes
2011 1499 2158 1531 suscepe
2252 1482 2254 1489 ’

420 1540 520 1574 Alter
536 1552 693 1584 quorum,
709 1540 904 1579 Anselmus‚
921 1541 1026 1574 vitam
1043 1547 1078 1574 et
1093 1541 1343 1574 absolutionem
1366 1541 1519 1583 suscepit
1534 1550 1597 1583 per
1612 1541 1758 1584 gratiam
1782 1540 2104 1581 Mediolanensium,
2127 1552 2150 1586 q
2181 1545 2215 1575 1-’
2253 1533 2256 1545 ⁸

419 1595 455 1627 in
478 1595 727 1637 angustissimis
750 1594 867 1638 preliis
892 1595 1092 1637 campestris
1116 1604 1181 1627 ceu
1204 1594 1303 1626 miles
1326 1594 1532 1626 fortissimus
1554 1594 1702 1636 profuit3
1727 1595 1814 1627 alter
1840 1605 1935 1634 vero,
1957 1594 2094 1628 scilicet
2122 1605 2220 1632 con-1

422 1649 479 1681 vel
495 1654 639 1681 mortem
654 1647 825 1681 sustinuit.
866 1648 919 1680 Ac
935 1648 986 1680 sic
1001 1648 1202 1691 benigniter
1217 1654 1251 1679 et
1267 1648 1405 1680 fortiter
1420 1648 1568 1691 agendo,
1585 1647 1696 1679 Rome
1713 1648 2014 1691 appropinquavit.
2059 1647 2134 1682 Sed
2147 1649 2180 1681 f
2198 1668 2219 1678 ιἸ
2254 1642 2256 1647 ’

422 1713 544 1734 manus
567 1701 714 1734 Honorii
745 1712 834 1743 pape
857 1701 970 1743 ipsum
999 1701 1225 1744 resupinavit,
1257 1706 1361 1744 atque
1385 1701 1430 1733 ad
1453 1701 1688 1739 Germaniam,
1719 1701 1816 1744 quasi
1838 1702 1884 1735 ad
1905 1712 1967 1734 sua
1988 1701 2131 1745 propria
2161 1701 2216 1736 lo
2255 1706 2257 1711 '

424 1755 541 1788 redire
563 1754 684 1787 fecit.
661 1753 674 1771 ⁸

513 1843 564 1878 55.
582 1865 622 1870 —
637 1844 789 1887 Johanes
811 1844 919 1887 igitur
935 1844 1144 1877 Cremensis.
1168 1842 1369 1876 cardinalis'
1392 1844 1581 1882 Romanus,
1597 1844 1782 1886 episcopos
1805 1844 2029 1888 sufraganeos
2044 1849 2079 1877 et
2093 1851 2223 1889 comp

423 1897 591 1930 vinciales
613 1896 887 1930 Mediolanensis
911 1897 1074 1936 ecclesie,
1096 1903 1134 1929 ut
1158 1897 1475 1930 excommunicaret
1496 1896 1795 1929 Mediolanensem
1821 1897 2021 1939 pontificem
2044 1907 2191 1931 convoc
2206 1893 2224 1930 f

423 1951 544 1994 Papie.
591 1949 727 1988 Quibus
757 1951 957 1983 convocatis
980 1956 1015 1983 et
1037 1950 1207 1984 cardinali
1231 1961 1293 1992 per
1323 1950 1440 1992 plures
1471 1950 1564 1982 viros
1594 1955 1630 1982 et
1659 1951 1859 1983 sacerdotes
1880 1950 1954 1993 ipse
1985 1950 2144 1993 pontifex

425 2004 638 2037 diolanensis
661 2004 849 2044 mandavit,
873 2015 915 2036 ne
938 2010 1197 2046 presumerent3
1220 2004 1281 2035 sed
1305 2004 1416 2046 ipsum
1447 2013 1509 2045 per
1532 2002 1633 2036 unius
1655 2003 1728 2036 diei
1751 2003 1896 2045 spatium
1926 2009 2160 2045 expectarent.
2208 2044 2214 2046 ᾖ

425 2057 624 2100 Papienses,
647 2057 908 2099 Cremonenses,
931 2057 1167 2090 Novarienses
1189 2067 1328 2100 quoque
1353 2062 1386 2088 et
1408 2066 1526 2089 eorum
1551 2056 1708 2098 episcopi
1733 2062 1767 2088 et
1789 2056 1931 2088 aliarum
1962 2056 2151 2099 civitatum,
2184 2051 2221 2085 ··-T
2258 2087 2261 2094 ,

426 2111 583 2143 dicantes
605 2111 673 2143 hoc
695 2110 828 2154 regium
853 2121 938 2152 opus
961 2110 1116 2143 Anselmi
1141 2109 1350 2143 contrarium
1366 2110 1442 2142 Deo
1459 2115 1492 2142 et
1507 2119 1633 2152 magno
1655 2109 1731 2152 regi
1753 2109 1908 2149 Lotario,
1929 2120 2147 2154 nequaquam
2162 2102 2223 2174 ill-2
2258 2100 2261 2108 ¹

422 2164 598 2207 pontificis
622 2164 829 2207 legationem
852 2169 1091 2206 susceperunt;
1115 2164 1176 2196 sed
1198 2164 1322 2206 ipsum,
1354 2168 1530 2205 prestante
1562 2163 1736 2196 cardinale
1759 2163 1821 2195 illo
1844 2162 1990 2206 Johane,
2019 2173 2189 2197 excomm·
2260 2198 2263 2206 Δ

425 2222 603 2250 caverunt.
650 2217 696 2249 Et
724 2216 1059 2255 Mediolanensibus,
1089 2216 1349 2260 protegentibus
1379 2221 1529 2248 castrum
1560 2214 1696 2254 Creme,
1727 2226 1869 2259 gueram
1900 2216 2019 2250 facere
2046 2202 2215 2250 statueru'·
2260 2208 2262 2223 ¹

425 2271 589 2303 Attamen
612 2270 647 2302 in
669 2270 819 2302 maxima
847 2276 947 2312 parte
977 2270 1259 2303 Mediolanenses
1290 2269 1497 2302 catholicam
1527 2268 1768 2307 reverentiam,
1799 2269 1941 2302 vivente
1971 2280 2063 2313 papa
2084 2269 2179 2303 Hon
2214 2269 2223 2311 ἶ

426 2324 508 2356 huic
532 2323 689 2366 pontifici
711 2323 924 2365 prebuerunt
936 2322 960 2356 ⁷.
2260 2324 2265 2396 ἰ

513 2412 565 2444 56.
590 2431 630 2435 —
655 2411 809 2444 Honorio
840 2412 1010 2444 defuncto
1022 2411 1044 2449 ⁸,
1077 2410 1280 2450 Anacretus,
1310 2422 1402 2455 papa
1430 2412 1667 2444 Romanorum
1691 2412 1874 2450 secundus,
1897 2411 1977 2444 huic
2000 2411 2221 2453 Mediolanf

515 2523 558 2556 38.
577 2522 634 2548 XL.
652 2522 796 2548 Anselmus
815 2522 1028 2555 archiepiscopus
1045 2522 1168 2548 Anacteti
1187 2522 1313 2555 antipape
1333 2522 1435 2547 adheret
1453 2523 1477 2547 et
1495 2522 1527 2547 ab
1545 2522 1605 2555 ipso
1623 2522 1717 2547 stolam
1735 2522 1827 2555 recipit

512 2607 553 2640 38.
572 2607 741 2640 Anacretus]
760 2607 915 2632 Anacletus
933 2607 958 2632 R
980 2607 1115 2640 (Anacleto
1134 2607 1178 2640 ΙΙ)

516 2695 524 2712 ¹
545 2695 616 2722 Cloe
636 2705 651 2721 a
670 2697 790 2721 Milano.
1368 2704 1415 2729 pp.
1434 2695 1561 2729 280-316.
2207 2717 2213 2734 ι.

515 2737 526 2755 ²
545 2739 670 2764 L’onore
688 2739 716 2763 di
738 2739 879 2771 complere
898 2739 926 2763 la
946 2739 1080 2764 funzione
1094 2738 1315 2763 dell‘incorona-
1454 2737 1466 2754 3
1484 2739 1506 2763 ΙΙ
1527 2739 1643 2764 Duomo
1663 2739 1691 2763 di
1711 2738 1816 2764 Mouza
1835 2739 1884 2763 che
1904 2740 1992 2764 vanta
2017 2739 2046 2765 la
2069 2746 2176 2765 sua-or
2194 2735 2220 2769 j*

385 2787 399 2814 5
428 2783 513 2806 zione
533 2783 610 2814 regia
630 2789 677 2806 era
694 2781 842 2814 disputato
863 2782 906 2806 fra
919 2782 947 2806 la
962 2782 1057 2807 chiesa
1069 2782 1098 2806 di
1113 2781 1314 2807 Sant'Ambro-
1369 2781 1446 2806 dalla
1465 2782 1563 2814 regina
1581 2781 1772 2806 Teodolinda.

427 2824 477 2856 glo
496 2824 526 2848 in
546 2823 658 2849 Milano
677 2832 691 2848 e
709 2824 804 2856 quella
823 2824 852 2848 di
871 2823 927 2848 San
947 2823 1070 2849 Michele
1088 2825 1118 2848 in
1131 2824 1246 2849 Mouza.
1277 2824 1316 2847 Dl
1458 2822 1470 2838 ⁴
1489 2824 1522 2848 In
1542 2823 1662 2848 Milano.

428 2865 516 2890 solito
535 2865 779 2890 l’incoronazlone
798 2867 821 2890 si
849 2866 946 2890 faceva
971 2866 1063 2898 prima
1088 2873 1104 2890 a
1129 2866 1241 2895 Monza,
1266 2866 1317 2898 pol
1456 2864 1467 2880 ⁶
1485 2865 1585 2895 Bosco,
1603 2866 1745 2898 villagglo
1763 2872 1860 2898 presso
1886 2865 2081 2892 Alessandria.

428 2909 451 2931 si
472 2909 599 2939 rlpeteva
620 2909 648 2932 in
668 2908 788 2932 Milano.
826 2906 871 2932 Cf.
891 2908 925 2933 G.
944 2909 1081 2939 Bxsctmo,
1094 2907 1182 2934 Remo
1194 2907 1317 2932 duales·
1457 2906 1469 2924 θ
1488 2907 1616 2933 Cori-ado
1635 2908 1748 2933 ritorno
1767 2909 1797 2933 in
1818 2907 1971 2934 Germania
1989 2909 2035 2933 nel
2056 2914 2134 2942 1132.

427 2949 538 2974 sandria
555 2957 569 2974 ε
586 2949 597 2974 i
615 2949 717 2982 giuditi
735 2951 823 2975 contro
842 2949 853 2974 i
871 2949 957 2975 ribam
981 2949 1144 2983 den'impero
1168 2957 1185 2975 a
1208 2949 1317 2974 Milano
1458 2949 1469 2966 '⁷
1488 2949 1560 2976 Cloe
1579 2951 1715 2975 Anselmo
1733 2950 1768 2975 V.

370 2997 401 3015 ιο
426 2990 469 3016 ml
487 2997 565 3024 1311,
588 2994 615 3016 in
637 2992 744 3016 Arch.
768 2992 868 3018 Stor.
896 2993 1112 3022 Lombardo,
1128 2999 1205 3025 1907,
1218 2992 1277 3017 vol.
1295 2992 1318 3022 Ι,
1457 2989 1468 3007 ⁸
1487 2992 1562 3016 Mori
1582 2991 1694 3017 Onorio
1714 2992 1739 3016 11
1758 2992 1779 3016 il
1801 2999 1831 3024 14
1851 2992 1979 3017 febbraio
2001 2998 2076 3025 1130.
