2288 3476
16 219 18 222 ’
58 238 70 245 ⁸
102 247 366 283 1102,A.1099]
583 240 834 277 HISTORIA
861 236 1288 275 MEDIOLANENSIS
1825 235 1846 270 9

121 374 171 407 10.
195 392 235 397 -
258 373 345 407 Cum
368 374 453 406 alter
484 374 629 407 alterum
660 379 857 415 suspectum
880 371 1032 409 haberet,
1064 369 1218 413 contigit,
1242 369 1336 413 quod
1365 368 1567 401 Heribertus
1591 367 1634 400 de
1657 367 1813 399 Bruzano
1827 364 1849 404 ¹,

44 435 56 468 ρ
73 427 129 460 lde
153 433 334 470 agravatus
357 427 522 464 febribus,
546 427 640 459 venit
663 427 708 458 ad
731 425 862 458 dictum
887 424 1113 467 presbiterum
1137 423 1352 465 suplicando,
1375 427 1412 454 ut
1437 422 1599 454 adversus
1621 419 1849 451 infirmitatem

52 486 131 514 ret
151 479 216 513 sibi
231 480 431 513 remedium.
476 480 626 512 Ministri
642 490 724 512 vero
748 478 927 521 presbiteri
951 477 1233 510 ministraverunt
1256 476 1370 509 cibum
1386 481 1421 508 et
1438 475 1561 507 lectum
1585 472 1851 506 convenientem

43 529 81 566 ³11
103 533 287 577 egrotanti,
310 532 422 566 donec
446 533 611 566 Dominus
633 533 797 565 virtutum
812 543 876 574 per
890 531 1142 574 impositionem
1160 541 1320 562 manuum
1344 529 1496 561 eiusdem
1520 526 1697 571 presbiteri
1715 525 1851 569 prebuit

45 583 56 594 ’
82 586 245 620 utiterum
260 587 454 618 remedium
469 585 535 628 ipsi
550 586 752 629 aegrotanti.
783 585 886 617 Unde
904 583 1114 617 Grosulanus
1130 583 1319 615 stimulatus
1336 583 1384 614 ait
1399 582 1444 614 ad
1460 581 1704 624 presbiterum:
1727 581 1741 596 ¹⁴
1757 577 1851 616 Quia

9 635 11 666 1
61 639 286 684 partecipasti
311 638 498 672 Heriberto
521 649 599 671 meo
622 638 929 679 excommunicato,
952 637 1111 679 precipio
1127 636 1203 675 tibi,
1218 642 1256 668 ut
1279 635 1413 668 missam
1435 644 1505 666 non
1522 639 1651 671 cantes,
1675 641 1852 675 quousque

9 733 10 736 Ἴ
47 692 285 737 ,penitentiam
308 692 390 724 inde
412 692 606 734 susceperis
630 697 664 724 et
677 691 781 724 michi
805 690 1012 723 satisfeceris
1027 714 1054 731 „.
1100 689 1145 722 Et
1166 689 1337 732 presbiter
1360 689 1404 720 ad
1427 688 1543 720 illum:
1573 688 1587 704 “
1601 686 1706 725 Quod
1730 685 1799 717 feci
1816 684 1852 716 in

8 739 11 779 ἶ
64 740 262 784 Heriberto‚
287 744 412 778 bonum
435 744 503 777 fuit
518 751 554 777 et
569 756 588 777 a
605 745 680 777 Deo
695 744 806 782 venit;
830 749 933 786 atque
951 744 995 775 de
1011 742 1103 775 bono
1119 747 1153 774 et
1168 742 1234 773 Dei
1257 751 1363 783 opere
1378 751 1447 774 non
1463 741 1543 773 novi
1566 739 1731 782 penitere.
1778 738 1853 770 Etsi

8 798 10 818 ³
45 790 132 835 ¹*non
155 797 263 830 habes
285 808 389 841 super
404 808 457 830 me
474 798 564 830 hanc
580 803 794 840 potestatem,
818 804 943 829 tamem
959 802 1100 838 propter
1115 796 1183 827 hoc
1199 795 1399 827 scandalum
1422 794 1597 826 vitandum
1614 792 1675 825 tibi
1698 798 1854 824 contem-

56 850 192 895 perabo
207 875 235 893 „.
282 850 465 889 Quendam
489 851 592 894 igitur
615 851 829 883 sacerdotem
852 849 1069 882 scolasticum
1083 847 1094 865 ²
1109 848 1144 879 in
1169 848 1270 880 domo
1293 847 1345 879 sui
1361 846 1495 889 proprii
1511 846 1593 878 iuris
1608 845 1779 888 presbiter
1793 844 1854 876 Li-

49 899 183 937 'raudus
198 904 347 942 induxit,
371 905 430 947 qui
453 904 517 936 sibi
540 905 676 936 missam
701 903 861 935 cantabat
875 903 912 934 in
928 902 1079 935 ecclesia
1102 901 1221 934 Sancti
1245 900 1354 938 Pauli,
1379 911 1446 943 que
1464 899 1590 932 dicitur
1613 899 1648 931 in
1672 898 1816 940 Copodo
1829 896 1853 936 ³,

40 948 138 990 vinam
160 958 235 1000 ipse
251 957 422 999 presbiter
445 957 640 1000 Liprandus
661 967 731 988 una
746 967 824 988 cum
846 955 996 988 ecclesia
1019 955 1129 988 sancti
1154 954 1316 987 Germani
1332 953 1397 986 sita
1411 954 1447 985 in
1466 951 1668 996 Niguarda⁴
1691 951 1853 984 rehedifi-

37 1011 144 1046 ndo
161 1017 195 1042 et
210 1010 463 1054 magnificando
486 1010 776 1054 quemadmodum
798 1009 927 1052 legitur
949 1008 983 1040 in
1003 1009 1117 1046 cartis,
1141 1019 1160 1039 a
1184 1006 1357 1050 regalibus
1373 1006 1545 1050 judicibus
1558 1004 1569 1022 ⁵
1586 1011 1620 1037 et
1635 1005 1716 1037 viris
1732 1011 1765 1037 et
1781 1005 1854 1039 cle-

40 1061 116 1098 co'
133 1063 308 1096 ordinario
322 1067 333 1084 ⁰
357 1064 558 1106 subscriptis
574 1069 610 1096 et
626 1063 786 1096 atestatis.
832 1062 924 1094 Hinc
940 1067 992 1094 est
1009 1061 1121 1099 etiam,
1138 1061 1230 1104 quod
1245 1061 1319 1103 ipse
1335 1059 1490 1092 stabilius
1514 1059 1706 1092 Grosulano
1728 1058 1855 1090 restitit

43 1126 52 1143 -ῑ
83 1118 219 1156 ceteris,
235 1116 490 1149 inimicantibus
511 1116 579 1149 sibi
603 1122 636 1149 et
659 1116 739 1149 suis.

124 1223 174 1255 11.
191 1241 232 1246 —
249 1222 299 1256 Ut
319 1223 538 1256 securitatem
560 1222 624 1254 sibi
649 1227 683 1254 et
698 1222 766 1254 suis
789 1221 926 1254 clericis
949 1220 1173 1254 constitueret
1194 1219 1378 1252 ecclesiam
1393 1229 1531 1262 quoque
1548 1224 1665 1251 sancte
1681 1218 1861 1251 Trinitatis

35 1298 36 1301 =
55 1275 220 1314 cohavit,
244 1282 278 1308 et
301 1275 336 1307 in
361 1276 501 1318 proprio
523 1285 585 1308 suo
608 1274 724 1308 alodio
749 1274 792 1307 ad
815 1274 941 1314 locum,
971 1273 1030 1317 qui
1053 1274 1143 1307 Pons
1167 1272 1359 1306 Guinizeli⁷
1384 1273 1521 1310 dicitur,
1544 1272 1643 1304 simul
1667 1283 1743 1304 cum
1767 1272 1859 1304 Lan-

42 1329 132 1362 ulfo
144 1329 156 1347 ⁸
171 1339 232 1362 suo
248 1328 376 1362 acolito
393 1334 427 1361 et
444 1329 605 1371 alumpno
622 1328 792 1360 fundavit.
822 1328 935 1370 Ipsam
952 1337 1088 1371 quoque
1106 1326 1210 1359 beato
1226 1326 1330 1359 Petro
1347 1326 1474 1359 obtulit
1489 1332 1524 1358 et
1538 1324 1701 1358 Urbanus
1717 1336 1808 1367 papa
1823 1325 1857 1356 II

33 1380 184 1425 uscepit
198 1388 234 1415 et
250 1393 327 1415 cum
342 1381 527 1425 privilegio
544 1382 653 1424 ipsum
670 1380 899 1424 presbiterum
914 1386 948 1413 et
966 1381 1149 1413 ecclesiam
1165 1379 1398 1418 communivit,
1416 1379 1649 1412 subscribens:
1674 1381 1687 1396 “
1697 1378 1859 1411 Urbanus

25 1432 41 1481 j*
68 1436 263 1479 episcopus,
286 1446 405 1468 servus
427 1445 603 1469 servorum
627 1435 704 1473 Dei,
728 1434 855 1468 dilecto
880 1434 949 1466 filio
965 1434 1153 1476 Liprando.
1166 1457 1175 1466 .
1189 1457 1197 1465 .
1210 1432 1235 1466 .'
1251 1432 1439 1466 Statuimus
1461 1432 1645 1466 ecclesiam
1668 1432 1761 1464 illam
1778 1442 1855 1464 cum

14 1482 16 1486 ⁸
30 1488 242 1533 nprediolo,
257 1489 294 1521 in
311 1499 378 1532 quo
394 1488 539 1521 fundata
555 1493 616 1527 est,
629 1511 638 1520 .
651 1512 660 1520 .
674 1512 681 1520 .
697 1511 704 1520 .
727 1487 783 1520 vel
798 1498 862 1530 per
878 1486 976 1520 allios
993 1487 1114 1520 fideles
1130 1487 1203 1520 illic
1219 1486 1370 1519 Domino
1386 1485 1556 1529 largiente
1573 1485 1699 1518 collata
1721 1485 1860 1523 fuerint,

41 1542 113 1575 ‘ab
137 1543 231 1575 omni
253 1542 399 1575 seculari
422 1542 646 1584 oppressione
663 1542 814 1585 quietam
835 1546 1004 1583 perpetuo
1028 1551 1167 1572 manere
1185 1550 1226 1573 ac
1242 1540 1397 1572 liberam.
1442 1539 1590 1572 Clericis
1607 1549 1689 1571 vero
1714 1538 1761 1570 ibi
1784 1538 1858 1570 vic-

27 1594 152 1629 “turis
174 1595 315 1628 vivendi
338 1595 542 1638 regulariter
566 1595 792 1628 concedimus
814 1594 1031 1630 facultatem:
1057 1603 1185 1637 eosque
1210 1593 1426 1626 decernimus
1447 1598 1516 1625 tam
1541 1592 1699 1635 proprias
1723 1592 1861 1624 ordina-

28 1655 42 1667 ⁹
65 1650 177 1683 tiones
202 1659 303 1692 quam
327 1649 485 1682 altarium
509 1654 543 1680 et
565 1648 791 1681 ecclesiarum
809 1647 1100 1684 consecrationes,
1124 1653 1385 1689 ceterarumque
1409 1645 1501 1679 dona
1523 1652 1815 1678 sacramentorum
1839 1656 1860 1677 a

31 1718 39 1743 χ
67 1701 321 1736 Mediolanensi
345 1702 608 1744 archiepiscopo
632 1702 818 1744 suscipere,
841 1701 867 1732 si
890 1701 1030 1744 quidem
1055 1700 1245 1733 catholicus
1269 1700 1376 1732 fuerit
1399 1705 1432 1732 et
1456 1699 1696 1732 comunionem
1719 1709 1760 1731 ac
1783 1710 1862 1742 gra-

65 1756 149 1789 tiam
172 1755 365 1798 apostolice
389 1755 482 1788 sedis
504 1754 671 1793 habuerit,
694 1761 728 1787 et
751 1755 836 1786 sica
859 1754 968 1797 gratis
991 1759 1026 1786 et
1041 1755 1068 1786 si
1093 1764 1161 1786 non
1183 1753 1352 1796 pravitate
1376 1753 1570 1785 indulserit.
1615 1751 1724 1784 Allias
1747 1759 1861 1784 autem

40 1810 57 1828 ⁸
69 1809 216 1842 liberum
238 1809 289 1841 eis
312 1807 488 1841 arbitrium
510 1807 555 1840 sit
570 1813 787 1840 sacramenta
802 1807 922 1840 eadem
938 1807 1114 1850 suscipere
1138 1818 1157 1839 a
1173 1816 1391 1850 quocumque
1409 1806 1579 1839 voluerint
1596 1806 1770 1838 catholico
1787 1805 1861 1847 epi-

34 1863 58 1881 '⁸
67 1873 186 1906 scopo.
217 1862 442 1895 Decernimus
457 1871 550 1904 ergo,
566 1866 605 1893 ut
620 1871 732 1904 neque
749 1861 1005 1893 Mediolanensi
1021 1859 1285 1902 archiepiscopo
1303 1869 1416 1902 neque
1433 1860 1536 1892 alicui
1551 1859 1743 1892 viventium
1758 1859 1862 1891 liceat

70 1916 216 1948 eandem
239 1914 422 1948 ecclesiam
439 1920 473 1947 et
495 1914 630 1953 fratres,
654 1914 711 1957 qui
735 1914 807 1946 illic
824 1914 897 1946 Deo
914 1914 1107 1952 servierint,
1129 1912 1310 1956 quodlibet
1333 1913 1528 1945 occasionis
1550 1912 1632 1956 iugo
1657 1913 1862 1955 deprimere,

35 1951 56 1987 ἃ
69 1975 127 2002 aut
142 1968 235 2002 bona
258 1977 376 2001 eorum
401 1967 592 2000 distrahere
609 1973 643 1999 et
658 1967 727 1999 suis
742 1967 857 2000 usibus
873 1967 1061 2010 applicare,
1077 1966 1134 1998 vel
1150 1966 1340 1998 temerariis
1355 1965 1595 1998 vexationibus
1619 1966 1782 2009 fatigare3
1800 1967 1863 1998 sed

8 2044 18 2050 --
42 2023 58 2041 ⁸
70 2022 184 2055 omnia
205 2023 342 2065 integre
365 2026 624 2058 conserventur,
648 2020 745 2053 vobis
761 2027 795 2053 et
817 2020 1075 2053 successoribus
1097 2020 1219 2052 vestris
1235 2020 1442 2052 omnimodis
1465 2020 1657 2061 profutura,
1672 2020 1767 2052 salva
1790 2020 1864 2051 eiu-

16 2073 60 2125 s*
71 2075 164 2108 sdem
191 2074 462 2108 Mediolanensis
485 2074 739 2116 archiepiscopi
763 2074 936 2107 catholica
960 2073 1166 2106 reverentia.
1212 2072 1269 2105 Ad
1293 2073 1460 2106 indicium
1484 2078 1597 2105 autem
1620 2073 1722 2116 hujus
1745 2083 1866 2116 perce-

21 2130 153 2173 a'ptae
178 2128 346 2161 libertatis
362 2138 382 2160 a
397 2127 558 2160 Romana
581 2127 729 2160 ecclesia
751 2126 1020 2159 Mediolanensis
1042 2133 1177 2159 monete
1201 2137 1322 2159 numos
1344 2137 1406 2158 sex
1429 2126 1612 2169 quotannis
1634 2126 1864 2159 Lateranensi

11 2183 59 2226 :⁸
70 2182 199 2225 palatio
214 2181 459 2223 persolveritis.
506 2180 544 2214 Si
560 2191 628 2224 qua
642 2180 748 2223 igitur
763 2179 798 2212 in
815 2181 1000 2212 crastinum
1024 2180 1260 2213 ecclesiastica
1282 2179 1490 2212 secularisve
1513 2190 1673 2222 persona,
1689 2180 1788 2212 huius
1805 2181 1865 2213 de-

16 2235 60 2253 '⁸
73 2236 160 2268 creti
177 2234 340 2278 paginam
360 2233 485 2273 sciens,
501 2239 623 2266 contra
639 2244 714 2266 eam
730 2239 858 2266 temere
874 2233 992 2266 venire
1016 2234 1247 2275 temptaverit,
1263 2233 1440 2275 potestatis
1463 2233 1671 2275 honorisque
1696 2234 1864 2276 dignitate

12 2296 15 2300 ’
29 2286 56 2320 1⁸
70 2294 199 2327 careat,
221 2297 383 2329 reamque
399 2297 436 2319 se
453 2287 571 2319 divino
587 2286 716 2319 iudicio
733 2287 879 2319 existere
897 2287 941 2319 de
956 2292 1155 2329 perpetrata
1168 2287 1347 2329 iniquitate
1372 2292 1570 2330 cognoscat,
1594 2293 1698 2329 atque
1715 2297 1735 2318 a
1751 2297 1867 2319 sacra-

8 2343 60 2384 ],⁸
73 2341 202 2375 tissimo
225 2350 372 2383 corpore
389 2346 423 2373 et
437 2340 602 2383 sanguine
626 2339 755 2372 Christi
777 2340 843 2372 Dei
859 2350 899 2372 ac
917 2340 1056 2373 Domini
1078 2340 1305 2382 redemptoris
1331 2340 1438 2372 nostri
1461 2340 1581 2373 Yhesu
1604 2340 1733 2372 Christi
1756 2340 1869 2372 aliena

7 2490 116 2523 ‘an
135 2495 292 2527 Liprandus
309 2494 444 2520 ecclesiam
462 2494 557 2519 Sancte
577 2493 719 2519 Trinitatis
737 2501 797 2518 cum
815 2494 977 2526 exemptione
998 2494 1102 2519 Urbani
1121 2494 1156 2519 II
1172 2493 1296 2524 fundavit

129 2590 172 2609 21.
190 2601 215 2609 ..
226 2601 234 2610 .
245 2583 263 2615 .]
283 2583 313 2608 in
331 2583 360 2608 H
377 2589 490 2615 seguono
507 2582 600 2607 undici
618 2582 689 2614 rigna
706 2582 737 2607 in
754 2583 856 2608 bianco.
893 2582 983 2608 Anche
1001 2583 1031 2608 in
1049 2585 1114 2614 capo
1132 2590 1150 2607 a
1169 2584 1256 2614 questo
1280 2582 1429 2607 documento
1452 2582 1587 2614 pontificio
1611 2581 1632 2606 il
1656 2582 1810 2606 rubricatore
1834 2581 1869 2606 ha

43 2625 165 2651 inserite:
184 2626 265 2650 Bulle
284 2626 453 2658 exemplum.
490 2625 532 2655 Cf.
547 2624 647 2657 hasa,
666 2624 727 2656 Reg.
746 2625 779 2649 P.
798 2625 840 2654 R..
861 2632 888 2650 n.
906 2631 976 2657 4973
999 2625 1087 2657 (3726)
1107 2625 1139 2648 in
1154 2624 1230 2649 data:
1250 2624 1374 2649 dicembre
1390 2630 1459 2656 1075
1479 2638 1511 2643 —
1532 2632 1574 2657 33.
1587 2624 1753 2656 quotannIs]
1774 2623 1795 2648 il
1814 2624 1866 2648 cod.

41 2667 71 2694 Η
88 2671 163 2701 pona
180 2669 233 2700 q·t'
252 2669 320 2693 afros
339 2667 382 2692 che
400 2666 422 2692 il
439 2668 520 2692 SASSI
539 2666 609 2696 lesse,
629 2667 754 2699 seguendo
771 2667 804 2696 R.
825 2670 959 2700 quattuor
977 2669 1068 2699 annis,
1087 2669 1183 2692 mentre
1200 2667 1231 2692 in
1248 2667 1277 2691 N
1295 2667 1399 2692 diventa
1416 2669 1485 2699 quot
1505 2675 1595 2692 annos

6 2795 20 2808 ,Η
128 2769 137 2786 ¹
156 2771 220 2796 Uno
239 2770 285 2795 dei
305 2770 357 2794 due
375 2770 458 2794 messi
472 2770 576 2794 inviati
591 2776 606 2794 a
618 2768 709 2794 Roma
722 2770 823 2794 contro
837 2768 925 2794 Gros-
979 2771 1045 2794 tizie
1065 2771 1095 2794 in
1115 2769 1267 2798 LATUADA,
1287 2771 1330 2801 op.
1348 2769 1399 2799 cit„
1418 2771 1496 2794 torno
1516 2770 1537 2799 Ι,
1557 2777 1582 2801 p.
1599 2775 1656 2802 155.

4 2828 21 2847 ·.
42 2812 150 2842 solano,
170 2813 192 2837 il
211 2813 294 2844 quale
313 2813 335 2836 li
354 2819 442 2837 aveva
461 2813 658 2836 scornunicati.
1066 2810 1077 2828 ⁴
1096 2809 1226 2836 Locanta
1246 2812 1343 2836 vicino
1362 2819 1379 2836 a
1397 2812 1517 2836 Milano.

3 2892 12 2923 s:
29 2896 173 2922 seclusum
191 2904 237 2921 era
255 2897 398 2921 chiamato
419 2896 493 2920 nelle
513 2896 606 2920 scuole
620 2896 664 2920 dei
679 2896 806 2928 religiosi
821 2897 842 2920 il
856 2898 926 2921 tito·
981 2897 1007 2921 al
1021 2897 1081 2921 doc.
1095 2896 1140 2920 del
1157 2903 1231 2927 1123,
1244 2897 1387 2928 riportato
1401 2896 1447 2920 dal
1460 2896 1627 2925 Pinnem-Lx,
1640 2897 1682 2927 op.
1703 2895 1754 2924 cit.y
1768 2903 1796 2919 n.
1809 2893 1869 2926 336.

33 2939 99 2964 jare
117 2940 147 2964 di
166 2947 204 2964 un
224 2940 448 2972 insegnamento.
485 2938 515 2962 In
536 2940 635 2970 questo
654 2939 741 2971 luogo
760 2939 803 2963 sta
821 2938 858 2963 ad
883 2939 926 2962 in·
1068 2937 1079 2954 ⁶
1098 2937 1246 2963 Canonico
1266 2937 1326 2963 eloe
1346 2938 1421 2963 della
1440 2938 1676 2970 Metropolitana.

5 2999 8 3001 >
41 2982 136 3008 dicare
153 2990 191 3007 un
209 2981 355 3006 sacerdote
373 2982 423 3006 che
443 2982 546 3006 facesse
565 2981 671 3006 scuola.
1068 2979 1080 2996 ⁷
1099 2980 1227 3005 Loco-lita
1249 2988 1305 3004 non
1325 2980 1510 3005 identificata.

6 3019 8 3023 ’
127 3023 138 3040 ³
155 3024 239 3049 Della
258 3025 351 3049 chiesa
371 3024 401 3049 dx
420 3023 475 3048 San
495 3022 585 3048 Paolo
605 3024 635 3047 in
649 3023 784 3056 Compito
799 3023 863 3047 vedi
878 3030 926 3047 no·
1069 3021 1080 3038 ⁸
1100 3021 1171 3048 Cloe
1190 3023 1213 3047 11
1234 3024 1334 3047 nostro
1353 3023 1491 3047 cronlsta.

131 2460 152 2478 ι.
172 2451 234 2478 vn.
251 2452 407 2485 Liprandus
423 2451 592 2476 Heribertum
609 2451 640 2476 in
659 2451 734 2476 domo
752 2451 868 2484 suscepit
885 2453 1008 2483 egrotum,
1029 2451 1098 2476 unde
1116 2451 1195 2476 iussu
1211 2450 1368 2476 Grossulani
1388 2459 1406 2475 a
1429 2450 1596 2476 celebratione
1620 2450 1747 2476 abstinuit
1773 2465 1804 2469 —-
1833 2450 1873 2477 16.

1917 1068 1992 1091 Μυκη
2007 1072 2047 1091 479

1947 1446 1967 1460 c.
1983 1441 2029 1463 76¹1

129 2853 140 2870 ²
160 2853 205 2879 Cf.
225 2855 272 2879 Du
291 2853 406 2885 CANGR,
421 2861 490 2879 voce
503 2853 678 2879 scholasticus.
703 2853 926 2879 Comunemente
1067 2852 1078 2870 ⁵
1099 2852 1171 2878 Cio'e
1189 2853 1272 2878 Missi
1290 2853 1400 2878 Domini
1420 2853 1506 2885 Regis.
1544 2852 1589 2878 Cf.
1608 2853 1634 2877 le
1653 2851 1869 2877 sottoscrizioni
1900 2857 1930 2884 15
