2288 3476
72 314 1915 325 .....................................................................................................................................................................................................

462 361 620 406 Cumque
643 367 781 405 reperta
804 362 934 402 forent,
956 373 1019 395 rex
1042 361 1179 395 cuidam
1204 361 1291 405 fecit
1313 360 1478 394 honorem

461 414 534 454 Qui
557 425 593 447 se
615 414 782 449 laudabat
804 414 899 459 quod
921 415 1054 460 fecerat
1075 415 1165 447 haec
1189 420 1299 447 metra
1323 424 1412 447 cara.

367 483 420 509 720
464 468 596 502 Titirus
617 469 700 502 inde
724 469 844 502 dolens
866 468 991 502 iterum
1014 468 1221 512 conscripsit
1245 468 1384 502 eosdem

464 521 605 561 Versus,
628 523 679 555 sic
702 523 848 566 pulchre
871 523 915 556 de
938 523 1034 556 facta
1054 521 1180 555 fraude
1202 520 1406 555 refundens:

467 578 481 593 “
494 575 568 608 Hos
591 585 658 620 ego
680 575 871 610 versiculos
894 576 965 620 feci
987 575 1066 610 tulit
1088 576 1175 609 alter
1202 575 1369 608 honorem

465 630 479 646 “
495 629 555 663 Sic
578 640 641 662 vos
663 640 734 663 non
755 629 855 663 vobis
878 630 1008 663 vellera
1030 630 1130 663 fertis
1153 639 1245 668 oves,

467 685 481 701 “
494 682 554 716 Sic
577 693 640 716 vos
663 694 732 716 non
755 683 856 717 vobis
878 683 1084 717 mellificatis
1106 694 1190 726 apes
1203 708 1234 724 „.

368 750 419 777 7²5
466 737 541 769 Hos
554 735 696 779 “pariter
718 737 852 769 iactans
873 737 911 769 in
935 737 1060 770 eadem
1082 736 1220 770 Cesaris
1244 737 1334 776 aula,

461 789 541 822 Non
565 789 663 823 latuit
685 800 815 834 regem,
840 791 916 834 quis
939 791 1094 823 carmina
1116 795 1211 823 tanta
1235 790 1394 823 referret.

463 843 617 886 Imperat
639 850 719 876 ante
743 854 839 876 suum
863 843 1045 877 Maronem
1070 844 1199 876 ducere
1222 843 1364 882 vultum,

461 895 597 930 Prestat
620 907 777 940 quaeque
801 902 911 940 rogat,
935 897 1132 930 libertatem
1156 896 1220 929 sibi
1243 897 1360 931 donat.

459 949 518 982 Ad
539 956 575 983 te
599 949 658 993 qui
679 951 774 983 iussu
796 950 964 983 remeavit
986 950 1123 983 Cesaris
1146 951 1259 989 huius3

365 1017 419 1044 ⁷3⁰
464 1003 538 1037 Sed
560 1013 631 1036 non
654 1004 749 1047 quod
771 1003 894 1046 poscit,
918 1003 1022 1047 quisti
1045 1004 1129 1037 dare
1153 1009 1191 1036 tu
1213 1004 1290 1044 sibi,
1313 1004 1431 1037 nosti.'

460 1057 551 1090 Nam
574 1062 735 1099 repetens
757 1067 859 1102 agros
882 1067 947 1090 ceu
970 1057 1115 1090 iusserat
1138 1057 1374 1100 induperator,

462 1109 585 1144 Arrius
607 1117 660 1144 est
683 1110 823 1153 quidam
847 1110 1005 1144 centurio
1028 1116 1141 1144 motus
1162 1111 1199 1144 in
1221 1110 1271 1143 ira

460 1162 543 1197 Eius
565 1163 697 1196 habens
719 1174 833 1208 agros,
856 1163 1020 1197 occidere
1043 1164 1179 1209 quaerit
1201 1170 1239 1197 ut
1261 1169 1361 1198 atrox

460 1216 657 1260 Virgilium,
679 1217 802 1251 fluvius
824 1217 887 1250 sed
911 1216 1066 1250 Mincius
1091 1217 1227 1251 abdidit
1250 1217 1358 1258 illum,

366 1284 417 1311 735
464 1269 668 1314 Sejiactans
689 1276 834 1304 mortem
857 1271 978 1304 vitavit
1000 1271 1060 1310 ibi,
1083 1271 1145 1304 sed
1169 1277 1205 1304 et
1226 1272 1370 1305 hostem.

461 1324 599 1357 Cesar-is
621 1334 663 1358 ac
686 1324 819 1357 vultum
841 1324 1024 1368 repedavit
1048 1325 1107 1369 qui
1131 1325 1200 1358 cito
1223 1336 1375 1363 rursum3

461 1378 609 1422 Rexque
633 1378 725 1411 viros
749 1378 862 1412 claros
883 1383 954 1411 tres
977 1389 1094 1412 seeum
1116 1378 1207 1412 misit
1230 1383 1269 1412 ut
1292 1389 1396 1423 agros

462 1431 664 1465 Restituam
685 1431 748 1471 illi,
771 1431 889 1477 fecere
912 1431 1006 1475 quod
1028 1432 1166 1464 insimul
1188 1431 1264 1475 ipsi.

459 1485 517 1518 Tu
539 1485 604 1518 sibi
627 1495 693 1519 nec
716 1485 823 1518 vitam
844 1486 1001 1524 servasti,
1023 1496 1105 1519 rura
1127 1495 1194 1519 nec
1216 1485 1307 1529 ipsa:

362 1552 415 1580 740
459 1538 589 1572 Desine
612 1539 733 1572 iactari
756 1539 825 1572 iam
846 1545 882 1572 te
903 1539 971 1572 iam
993 1538 1138 1572 Mantua
1158 1539 1256 1573 vanis

459 1591 638 1625 Laudibus
661 1603 705 1626 ex
727 1592 815 1630 istis;
839 1602 970 1625 vacuae
993 1598 1074 1626 sunt
1095 1602 1161 1626 ceu
1183 1592 1245 1626 tibi
1268 1594 1340 1627 dixi
1347 1606 1357 1632 3

459 1644 555 1679 Pone
578 1646 764 1689 supercilia
787 1656 923 1680 mecum
946 1648 1160 1680 contendere
1184 1647 1264 1680 vita.

730 1726 947 1761 MANTUA
969 1724 1258 1763 RESPONDIT.

459 1794 608 1838 Precipe
630 1804 789 1838 quaeque
812 1795 954 1837 placent
975 1795 1081 1828 michi
1103 1796 1266 1838 poeniteo
1290 1795 1390 1829 nimis
1412 1805 1505 1829 acre.

798 1874 1019 1908 CANOSSA
1040 1875 1183 1909 DICIT.

460 1942 511 1976 Ut
531 1947 653 1976 teneas
675 1942 790 1975 alvum
814 1943 924 1976 nostri
947 1943 1078 1976 domini
1101 1943 1182 1976 volo
1206 1948 1341 1976 tantum

362 2009 414 2037 ⁷45
460 1995 515 2030 Ac
538 1996 652 2035 iubeo,
675 2001 822 2030 metrum
845 1998 908 2031 sed
932 1996 1063 2030 nullum
1086 1997 1236 2040 psallere
1258 2003 1376 2030 tecum

460 2049 613 2082 Ulterius
635 2050 757 2093 glisco,
780 2049 890 2083 didici
914 2050 1036 2083 melius
1059 2051 1141 2094 quia
1163 2049 1258 2084 dicto

461 2103 544 2136 Sola
566 2113 725 2142 manens3
748 2109 895 2137 metrum
918 2109 1051 2147 prestet
1074 2104 1160 2137 deus
1183 2104 1289 2137 edere
1312 2115 1441 2144 verum,

461 2156 568 2196 Quod
590 2156 728 2199 placeat
750 2162 877 2190 cuncto
899 2158 1084 2190 recitatum
1106 2157 1253 2190 maxime
1275 2157 1431 2191 mundo-¹

56 2251 125 2289 ΙΧ.
149 2253 250 2286 Cuius
269 2258 423 2309 staturae
445 2258 479 2286 et
500 2255 595 2287 cuius
616 2255 792 2298 qualitatis
814 2255 930 2287 extitit
952 2253 1171 2294 Bonefacius,
1189 2260 1222 2287 et
1237 2255 1323 2298 quid
1335 2255 1376 2288 de
1397 2256 1475 2300 ipso
1490 2255 1611 2289 Sibilla
1632 2256 1913 2300 prophetatam!

461 2325 567 2359 Gesta
589 2325 773 2360 Bonefacii
796 2326 946 2370 populus
969 2337 1094 2370 precor
1116 2327 1236 2361 audiat
1257 2327 1383 2361 omnis:

360 2393 414 2420 750
546 2379 651 2413 Clara
672 2380 780 2413 fuisse
801 2380 874 2413 scio
897 2385 995 2424 gesta
1017 2380 1210 2416 Bonefacii.

461 2431 627 2476 Quisquis
648 2438 742 2466 amat
762 2433 882 2466 rutilos
904 2434 1056 2467 retinere
1079 2434 1246 2467 decenter
1268 2434 1430 2474 honores,

550 2485 660 2519 Actus
683 2486 756 2519 eius
779 2493 872 2520 amet
892 2492 1013 2520 noscat
1035 2497 1096 2520 eos
1117 2486 1251 2520 rutilos.

461 2540 607 2584 Ingenio
630 2540 750 2584 viguit,
773 2551 876 2574 sensu
899 2541 1019 2574 similis
1041 2540 1231 2580 Danihelis,

154 2659 182 2677 v.
202 2650 264 2684 724)
277 2651 332 2677 Nei
344 2652 406 2677 cod.
420 2653 449 2677 R
461 2660 476 2677 e
489 2649 527 2677 P'
539 2653 566 2677 al
585 2653 640 2678 due
659 2654 733 2678 versi
755 2653 768 2667 ‘¹
778 2653 825 2678 Sic
839 2660 891 2678 vos
905 2661 962 2678 non
1105 2662 1131 2678 v.
1154 2654 1213 2686 749)
1233 2651 1342 2682 Questo
1361 2653 1375 2679 ὲ
1396 2654 1417 2678 il
1437 2658 1549 2680 metrum
1568 2655 1795 2686 preannunciato
1810 2654 1845 2679 da
1859 2653 1912 2680 Ca-

58 2691 85 2710 ss‘
94 2693 178 2719 vobi·
187 2710 212 2726 „‚
231 2700 367 2728 seguono,
386 2702 465 2720 come
485 2696 515 2720 ln
535 2695 664 2725 Donato,
684 2695 726 2729 gli
747 2695 814 2720 altrl
838 2696 907 2721 due:
1018 2703 1102 2721 nossa
1116 2696 1193 2721 nella
1206 2696 1305 2721 chiusa
1318 2696 1545 2726 dell’eiltercatio¹
1559 2705 1574 2722 e
1588 2697 1710 2722 siccome
1723 2695 1738 2722 ὲ
1751 2704 1809 2722 una
1822 2698 1914 2729 specle

63 2729 65 2731 ¹
1017 2738 1048 2763 di
1067 2738 1202 2771 epitaffio,
1216 2737 1231 2763 ὲ
1251 2739 1352 2764 scritto
1367 2740 1397 2763 in
1411 2738 1519 2768 distlci‚
1533 2747 1586 2764 con
1601 2739 1747 2765 vartlficio
1761 2740 1812 2764 che
1825 2746 1914 2772 ognu-

1018 2788 1055 2805 no
1068 2781 1211 2805 comincia
1224 2787 1239 2805 e
1251 2780 1359 2811 finlsce,
1371 2781 1454 2813 quasi
1467 2779 1583 2814 sempr-e,
1599 2788 1652 2806 con
1666 2781 1692 2806 le
1706 2784 1792 2806 stesse
1805 2781 1914 2815 parole.

1017 2813 1040 2847 ὲ
1058 2822 1268 2847 naturalmente
1288 2822 1416 2848 Canossa
1436 2824 1485 2848 che
1504 2824 1593 2856 parla.
1630 2824 1668 2848 Di
1690 2824 1783 2849 fronte
1796 2824 1823 2849 sl
1837 2824 1914 2857 capl-

156 2862 220 2887 Ensi
239 2869 378 2888 maucano
399 2864 428 2887 ln
457 2864 508 2888 Ve
527 2863 561 2892 L,
581 2863 603 2887 ll
621 2863 674 2888 che
694 2863 761 2888 vuol
781 2864 841 2888 dire
864 2864 915 2889 che
940 2865 962 2889 li
1017 2865 1080 2889 tolo
1100 2866 1144 2889 sta
1163 2864 1190 2889 la
1204 2866 1359 2890 minlatura
1373 2866 1403 2890 dl
1416 2865 1570 2891 Bonifacio
1584 2867 1633 2891 che
1649 2865 1866 2898 (diversamente
1880 2867 1915 2892 da

52 2902 206 2938 ‘agglunse
224 2905 247 2929 ll
273 2905 454 2931 trascrittore
478 2911 558 2930 come
583 2912 632 2930 sua
657 2905 837 2930 erudizIone:
863 2909 963 2938 questo
1016 2906 1111 2939 quella
1129 2907 1279 2939 giovanile
1298 2907 1373 2932 della
1392 2909 1450 2932 tnv.
1470 2906 1506 2940 V)
1524 2908 1561 2932 ha
1581 2908 1608 2933 la
1633 2909 1719 2933 barba
1738 2909 1849 2940 blanca,
1869 2909 1914 2934 col

70 2946 243 2979 partlcolue
261 2947 406 2972 conferma
424 2947 435 2971 i
454 2948 583 2980 rapporti
603 2948 648 2971 tra
667 2948 696 2972 R
714 2954 729 2972 e
747 2947 790 2972 P'.
1018 2955 1114 2973 verso:
1140 2949 1176 2973 Te
1195 2949 1313 2975 redimat
1330 2951 1420 2975 sother
1437 2950 1599 2980 Bonifacius
1618 2951 1734 2976 marchio
1753 2952 1861 2984 duxque.

63 2992 65 2994 “
157 2996 184 3013 v.
206 2986 264 3021 732)
282 2987 368 3014 Nella
388 2989 450 3014 vita
462 2988 493 3013 dl
511 2988 640 3022 Virgilio
654 2990 754 3021 questo
767 2989 961 3016 centuriones
1105 2999 1131 3016 v.
1151 2990 1214 3024 751)
1234 2993 1339 3022 rutilos,
1358 2992 1533 3025 splendentl.

55 3056 59 3060 ,
74 3029 154 3055 detto
173 3030 257 3056 Azio.
293 3030 372 3057 Mun.
1109 3043 1135 3058 v.
1157 3040 1207 3065 753
1220 3043 1234 3058 e
1246 3033 1322 3067 sgg.)
1335 3034 1347 3058 1
1360 3034 1376 3059 6
1389 3034 1487 3060 distici
1508 3037 1636 3068 seguenti
1656 3043 1841 3069 psragonano
1856 3038 1911 3062 cin-

174 2753 220 2779 Sae'c
237 2763 285 2780 vos
303 2762 352 2779 non
372 2754 447 2780 vobt's
458 2755 549 2787 sertis
568 2758 665 2780 aratra
683 2756 763 2780 boves

174 2796 220 2822 Sic:
239 2805 286 2822 vos
303 2805 353 2822 non
371 2797 447 2822 vobis
466 2797 614 2830 nu'dg'ficatz‘s
632 2805 704 2822 aves.
741 2798 821 2823 Mun.

2004 1070 2023 1085 c.
2039 1066 2087 1086 ur

1968 2176 1978 2203 (
1983 2150 2068 2198 7-5ὺοῖ
2071 2156 2128 2204 ι’νη

1969 2319 2043 2345 Mum,
2059 2326 2097 2346 ³⁵²

1998 2353 2018 2368 c.
2035 2353 2083 2371 nr

1946 2663 1978 2681 10

1945 2875 1975 2901 15
