2288 3476
200 946 275 969 Mun„
290 950 329 970 507

214 1592 298 1612 αρσια

207 2229 283 2254 Mun..
297 2229 338 2253 508

350 2933 382 2952 10

886 218 1202 254 LANDULPHI
1230 219 1299 254 DE
1327 218 1537 254 SANCTO
1565 218 1746 254 PAULO
1938 225 2023 258 [ΑΛ.
2043 224 2176 252 1120-11
2209 240 2210 243 =

396 349 533 381 Nazarii
550 348 740 391 primicerii
765 354 798 380 et
814 354 1020 388 ceterorum,
1045 358 1132 391 quos
1147 354 1325 391 suspectos
1341 348 1511 381 habebam
1537 354 1570 381 et
1593 349 1718 392 habeo,
1735 348 1872 382 Olricus
1887 350 2128 383 vicedominus
2142 350 2191 383 Y
2242 339 2244 345 Ι
2276 356 2277 362 ’

397 403 487 435 dano
511 402 686 434 successit.
734 400 805 438 Qui
829 401 903 433 fere
927 401 1028 434 simili
1051 402 1155 435 modo
1180 412 1234 433 me
1258 402 1426 445 gravavit,
1442 408 1480 434 ut
1502 402 1706 440 Yordanus;
1732 404 1820 442 fere,
1836 403 1918 446 quia
1933 403 1993 435 hic
2009 403 2044 435 in
2060 414 2173 437 comm
2207 410 2234 431 ι*

396 455 510 488 officio
535 462 567 486 et
591 454 753 487 benefitio
777 464 854 486 cum
879 455 1063 487 ordinariis
1088 461 1122 487 et
1145 454 1345 487 decumanis
1369 455 1570 497 presbiteris
1593 466 1663 488 non
1687 455 1873 499 prohibuit.

485 563 537 593 50.
565 582 602 586 —
627 561 878 593 Verumtamen
902 561 962 594 illo
986 561 1106 594 Olrico
1129 562 1395 604 archiepiscopo
1419 563 1562 595 sedente
1584 562 1621 595 in
1636 562 1751 595 Roma
1773 569 1866 602 tunc,
1883 573 1962 596 cum
1978 574 2071 606 papa
2086 563 2174 597 Cali
2204 579 2207 590 ·
2225 600 2227 602 ³

395 615 565 658 synodum
589 614 703 647 Rome
726 614 928 654 celebravit,
954 625 1030 658 ego,
1054 614 1096 647 ab
1120 615 1268 648 ecclesia
1292 626 1370 647 mea
1393 616 1596 648 exturbatus
1611 622 1646 648 et
1661 616 1810 658 propriis
1833 617 1918 649 meis
1933 617 2035 649 rebus
2058 623 2093 650 et
2108 616 2219 651 alodi

397 667 599 710 expoliatus,
625 678 740 700 coram
772 668 913 700 domino
940 679 1032 710 papa
1063 668 1196 702 Calisto
1227 668 1370 712 ejusque
1402 669 1510 707 curia,
1543 670 1750 702 consedenti
1780 669 1815 701 in
1840 670 2064 702 Lateranensi
2094 669 2214 713 palati
2246 657 2252 694 l

396 732 531 753 causam
549 731 661 752 meam
679 722 807 759 notavi,
824 728 859 753 et
875 727 910 753 ut
928 731 1003 753 eam
1019 721 1232 763 explicarem
1249 723 1284 754 in
1300 722 1434 761 sinodo,
1451 722 1560 765 ipsam
1577 722 1734 755 sinodum
1750 722 1876 756 intravi
1891 722 1912 755 ¹.
1959 723 1999 756 In
2015 733 2082 766 qua
2097 723 2223 757 sinod
2247 710 2253 747 l

396 774 507 817 gratia
531 774 668 817 antique
692 774 881 807 honestatis
911 774 1186 807 Mediolanensis
1217 775 1368 808 ecclesie
1391 781 1427 807 et
1450 775 1768 818 condiscipulatus*
1800 776 1954 820 ejusdem
1985 776 2109 815 olrici,
2133 776 2215 811 vald
2248 759 2253 790 l

396 827 561 860 condolui
580 828 623 860 de
639 827 911 870 perturbatione,
935 839 1038 871 quam
1054 829 1219 861 Ravenas
1241 829 1527 871 archiepiscopus
1540 828 1551 845 ³
1576 828 1730 861 faciebat
1747 829 1821 862 sibi.
1868 828 2040 862 Poscebat
2057 830 2146 862 enim
2162 829 2227 863 R».

394 891 500 913 venas
524 881 636 914 locum
661 881 800 913 sedenti
823 881 859 913 in
883 881 1004 914 sinodo
1028 882 1073 914 ad
1098 882 1276 914 dexteram
1301 882 1485 924 apostolici
1508 882 1603 914 nullo
1626 882 1820 919 mediante;
1844 893 1944 926 quem
1966 882 2082 915 locum
2106 882 2195 916 Gros
2224 892 2229 911 2

397 935 496 967 lanus
519 934 684 977 possedit,
708 936 848 978 quando
871 935 1048 968 restitutus
1072 936 1139 968 fuit
1153 935 1176 968 ⁴.
1222 936 1395 978 Jordanus
1412 945 1562 979 quoque,
1586 934 1659 978 qui'
1677 935 1871 968 Grosulano
1887 936 2065 974 successit,
2087 936 2215 969 eunde

395 989 510 1021 locum
534 987 665 1026 habuit,
689 988 792 1021 etiam
816 993 910 1026 tunc,
935 989 1074 1031 quando
1098 989 1188 1021 idem
1213 989 1425 1022 Grosulanus
1449 989 1597 1021 eundem
1629 989 1835 1022 Yordanum
1867 989 2044 1031 deponere
2067 989 2198 1022 studuit
2210 991 2224 1011 ¹

396 1042 471 1075 Hac
495 1042 611 1085 itaque
642 1042 776 1075 ratione
799 1048 834 1075 et
857 1042 971 1075 multis
993 1042 1080 1085 aliis,
1105 1053 1172 1086 que
1197 1048 1280 1075 tunc
1303 1043 1339 1074 in
1363 1043 1531 1075 memoria
1561 1053 1632 1075 non
1655 1042 1883 1082 habebantur,
1915 1043 2061 1076 domnus
2085 1042 2183 1076 Olric
2205 1060 2217 1070 ›-

395 1094 669 1128 Mediolanensis
691 1095 985 1139 archiepiscopus,
1009 1096 1122 1128 locum
1146 1096 1241 1128 illum
1267 1096 1424 1129 obtinere
1449 1106 1519 1128 non
1542 1096 1721 1129 dubitavit.
1769 1096 1841 1129 Sed
1864 1102 1977 1129 tamen
1999 1097 2074 1138 ipse
2097 1095 2212 1129 Medi

397 1149 548 1181 lanensis
572 1149 711 1182 Olricus
732 1149 768 1182 in
791 1150 945 1182 secunda
968 1149 1066 1189 feria,
1091 1160 1157 1192 qua
1181 1150 1321 1192 incepta
1337 1156 1371 1182 et
1395 1149 1571 1182 celebrata
1587 1150 1653 1182 fuit
1675 1150 1828 1188 sinodus,
1845 1149 1924 1182 loco
1948 1155 2106 1189 vacante,
2121 1160 2214 1193 nequ

396 1202 433 1234 in
454 1202 586 1245 palatio
617 1213 730 1246 neque
753 1202 790 1234 in
812 1202 938 1235 sinodo
969 1203 1139 1246 apparuit.
1185 1202 1336 1236 Sinodus
1360 1213 1444 1236 vero
1476 1210 1557 1236 tunc
1581 1204 1616 1235 in
1646 1203 1748 1236 tertia
1771 1203 1865 1235 feria
1896 1213 1964 1235 non
1986 1202 2062 1243 fuit,
2085 1209 2121 1235 et
2142 1202 2226 1236 ide·

396 1255 671 1289 Mediolanensis
694 1255 860 1299 palatium
881 1266 950 1288 non
973 1256 1124 1288 intravit.
1170 1256 1243 1289 Sed
1257 1256 1293 1288 in
1308 1262 1431 1300 quarta
1454 1256 1555 1295 feria,
1579 1257 1660 1288 dum
1683 1256 1829 1289 sinodus
1852 1255 2029 1288 celebrata
2051 1256 2129 1295 fuit,
2145 1255 2224 1295 Olri

398 1320 459 1342 cus
481 1309 588 1348 idem,
612 1309 882 1341 Mediolanensis
906 1309 1201 1352 archiepiscopus,
1218 1310 1263 1342 ad
1279 1310 1456 1342 dexteram
1480 1309 1664 1352 apostolici
1688 1309 1810 1342 Calisti
1827 1309 1922 1341 nullo
1946 1309 2122 1342 mediante
2136 1307 2212 1342 sedi
2233 1298 2235 1306 ,

397 1362 472 1405 Ego
495 1368 686 1404 expectans
710 1363 855 1395 alteram
879 1363 983 1402 diem,
1007 1363 1274 1396 convenientem
1298 1373 1375 1395 mee
1399 1373 1503 1395 cause
1526 1372 1672 1406 meeque
1696 1362 1863 1406 querelle‚
1887 1372 1930 1394 ex
1952 1362 2142 1405 improviso
2165 1362 2214 1395 vi·
2240 1399 2243 1402 Α

404 1421 438 1448 et
461 1416 590 1454 audivi,
613 1416 707 1459 quod
730 1416 890 1449 dominus
913 1426 1006 1459 papa
1029 1416 1140 1458 gratia
1162 1416 1394 1449 consecrandi
1418 1416 1528 1449 altare
1553 1415 1710 1449 dissolvit
1732 1416 1888 1448 sinodum
1911 1416 1948 1448 in
1970 1416 2045 1459 ipsa
2066 1415 2124 1449 die
2146 1414 2239 1449 mer‘

400 1469 526 1508 churii3
552 1480 617 1502 nec
641 1469 732 1502 ultra
754 1469 798 1501 ab
822 1480 863 1502 eo
887 1468 1046 1502 sinodum
1069 1469 1242 1502 celebrari
1266 1469 1383 1502 audivi
1404 1479 1471 1502 nec
1494 1469 1577 1502 vidi.

489 1577 541 1610 51.
566 1595 608 1600 -
631 1575 703 1609 Sed
727 1586 869 1619 sperans
893 1576 928 1608 in
952 1576 1112 1615 Domino,
1137 1576 1302 1618 persensi,
1326 1577 1421 1619 quod
1445 1576 1604 1608 dominus
1627 1574 1792 1615 Olricus,'
1809 1575 2082 1608 Mediolanensis
2104 1575 2242 1610 archie

399 1630 575 1673 piscopus,
598 1636 701 1672 prout
724 1629 830 1662 moris
852 1636 886 1661 et
910 1629 998 1673 legis
1022 1629 1237 1662 consuetudo
1262 1629 1382 1673 exigit,
1405 1640 1469 1672 pro
1492 1639 1576 1672 rege
1600 1629 1754 1661 Henrico
1779 1629 1900 1667 oravit,
1922 1634 1959 1661 et
1974 1629 2006 1661 ei
2029 1639 2143 1661 ramos
2163 1628 2223 1672 pal
2243 1656 2250 1661 ,.

398 1695 530 1716 marum
553 1694 615 1726 per
637 1683 889 1716 Landriansem
920 1683 1104 1721 Tealdum,
1135 1682 1410 1715 Mediolanensi·
1434 1682 1583 1715 ecclesie
1615 1683 1794 1726 egregium
1818 1682 2001 1721 notarium,
2030 1682 2068 1714 in
2091 1682 2249 1721 Germa-1·

398 1738 490 1770 niam
513 1737 614 1770 misit.
659 1737 737 1780 Ego
767 1737 894 1780 itaque,
916 1742 954 1769 ut
977 1737 1023 1769 ad
1045 1736 1158 1778 ipsum
1182 1746 1299 1779 regem
1331 1736 1549 1779 pervenirem
1573 1741 1608 1769 et
1631 1736 1674 1774 ei,
1697 1736 1786 1769 sicut
1815 1736 1906 1778 patri
1928 1741 1964 1768 et
1986 1735 2127 1773 domino
2149 1745 2244 1769 meo

399 1801 538 1824 causam
569 1801 682 1822 meam
713 1791 942 1828 notificarem,
965 1791 1032 1822 iter
1063 1801 1142 1822 cum
1165 1800 1275 1832 puero
1310 1789 1510 1823 subintravi.
1557 1790 1602 1822 Et
1625 1790 1739 1822 vitans
1761 1800 1882 1822 manus
1912 1789 2156 1828 Cumanorum,

399 1850 482 1877 tunc
507 1844 671 1886 temporis
700 1843 871 1876 fatiebant
902 1853 1043 1887 gueram
1073 1843 1407 1883 Mediolanensibus,
1439 1843 1616 1876 Veronam
1647 1842 1752 1881 adivi,
1777 1841 1836 1875 ubi
1858 1842 2075 1876 Bernardum
2106 1842 2224 1885 episco

400 1909 481 1940 pum
494 1900 517 1936 ⁶,
541 1908 654 1930 meum
678 1897 854 1940 quondam
878 1903 1013 1940 gratum
1037 1897 1335 1939 condiscipulum,
1358 1896 1476 1929 inveni
1501 1902 1535 1928 et
1550 1907 1612 1938 per
1627 1896 1740 1939 ipsum
1763 1895 1840 1928 fere
1863 1906 1971 1940 usque
1995 1895 2040 1928 ad
2062 1895 2181 1928 introit
2213 1911 2230 1923 ι·

402 1951 623 1993 episcopatus
645 1950 853 1982 Tredentini
878 1949 966 1982 bene
990 1950 1052 1982 fui.
1098 1949 1142 1982 Et
1166 1959 1243 1982 cum
1267 1960 1441 1992 sperarem
1465 1949 1514 1982 ibi
1538 1950 1574 1980 in
1597 1949 1718 1982 melius
1740 1949 1945 1992 procedere,
1967 1948 2024 1991 pie
2055 1954 2090 1981 et
2118 1954 2247 1983 tener

401 2004 567 2038 condolui
589 2015 694 2047 super
716 2003 861 2036 Henrici
884 2003 977 2048 regis
992 2008 1102 2036 morte
1116 2002 1138 2036 ⁷.
1184 2003 1290 2036 Unde
1314 2002 1418 2036 valde
1441 2003 1554 2035 fessus
1576 2001 1664 2034 redii
1687 2002 1731 2034 ad
1754 2002 1999 2035 domunculam
2022 2012 2134 2035 meam
2159 2007 2243 2035 cum?

400 2068 547 2091 merore.

492 2165 545 2197 52.
571 2183 609 2188 -—
634 2165 673 2197 In
690 2175 758 2207 qua
773 2174 839 2208 ego
861 2164 988 2196 sedens
1002 2169 1037 2196 et
1052 2164 1096 2196 de
1119 2163 1221 2196 solito
1237 2174 1332 2197 more
1349 2173 1413 2206 pro
1436 2163 1530 2196 victu
1551 2173 1630 2195 meo
1653 2162 1809 2195 scribens
1826 2162 1943 2194 audivi
1965 2172 2070 2195 voces
2092 2167 2127 2194 et
2141 2162 2184 2194 fle
2230 2176 2232 2178 >

402 2218 446 2250 de
468 2223 579 2250 morte
602 2217 711 2250 Olrici
734 2216 990 2259 archiepiscopi
1002 2215 1024 2249 ⁸.
1069 2216 1116 2249 Et
1137 2215 1390 2260 subsequenter
1405 2214 1601 2258 compulsus
1625 2214 1662 2247 a'
1686 2215 1883 2257 promiscuo
1906 2225 1990 2247 sexu
2012 2224 2089 2247 mee
2113 2223 2227 2258 cogna

402 2273 506 2305 tionis
529 2277 564 2304 et
589 2271 725 2310 vicinie,
749 2271 793 2304 ab
815 2271 892 2313 ipso
914 2281 991 2303 meo
1016 2269 1123 2303 offitio
1139 2271 1253 2303 surexi
1276 2276 1380 2313 atque
1398 2269 1443 2301 ad
1458 2269 1643 2302 Dominum
1660 2267 1860 2301 Anselmum
1877 2269 1921 2301 de
1944 2268 2112 2308 Pusterla‚
2128 2279 2149 2300 a
2163 2278 2204 2310 pr
2246 2289 2248 2292 >

401 2324 532 2358 sbitero
558 2324 707 2357 Nazario
729 2323 925 2366 primicerio
949 2329 983 2356 et
998 2323 1124 2356 ceteris
1148 2323 1287 2356 clericis
1310 2322 1495 2355 ordinariis
1511 2329 1546 2355 et
1560 2321 1733 2364 episcopis
1755 2321 1987 2365 suffraganeis
2009 2321 2045 2353 in
2068 2319 2252 2364 archiepi-

494 2461 534 2487 19-
553 2453 694 2479 xxxvn.
710 2453 869 2484 Hystericus
887 2452 966 2478 sentit
982 2452 1167 2486 imparatorem
1185 2452 1221 2477 ad
1237 2459 1315 2484 quem
1333 2451 1461 2484 porgebat,
1487 2451 1648 2483 defunctum.
1685 2450 1791 2476 otricus
1814 2450 1934 2476 moritur.
1969 2449 2116 2476 Anselmus
2133 2449 2206 2482 eligi
2224 2454 2236 2464 ¹·

405 2497 436 2522 in
454 2495 681 2528 archiepiscopum
1606 2495 1611 2499 ’

497 2593 518 2610 r.
538 2583 696 2617 suspectos]
715 2586 861 2617 susceptos
879 2584 908 2609 H
926 2591 939 2609 a
957 2584 1000 2614 N·,
1020 2583 1068 2616 puk
1087 2583 1175 2616 giusta
1192 2583 1205 2608 ὲ
1222 2582 1251 2608 la
1268 2582 1364 2608 lotione
1383 2582 1411 2607 di
1430 2583 1455 2607 R
1476 2597 1506 2600 —
1526 2590 1550 2615 3.
1570 2582 1733 2615 prohibuit:
1752 2581 1903 2606 souintendi
1923 2589 1966 2606 me
1984 2588 2043 2605 esse
2062 2594 2095 2598 —
2114 2586 2157 2612 29.
2175 2579 2200 2604 T
2223 2598 2225 2600 -
2242 2580 2244 2583 ’
2268 2564 2273 2602 l

405 2628 517 2652 dentinl
536 2626 663 2660 beneficij
684 2626 727 2651 fui
745 2626 774 2650 N
780 2635 789 2658 ς
807 2625 828 2650 il
846 2625 942 2651 Pnnrz
966 2628 1083 2658 propone
1101 2625 1130 2650 ai
1148 2625 1243 2657 leggere
1264 2626 1306 2649 ivi
1324 2625 1411 2650 invaece
1429 2625 1457 2649 di
1478 2625 1521 2649 sut
2244 2622 2246 2625 '

497 2715 505 2732 ¹
524 2716 591 2741 Non
611 2723 678 2749 pare
697 2716 746 2740 che
765 2716 788 2740 si
809 2717 892 2740 tratti
916 2715 966 2747 qul
985 2715 1030 2740 del
1050 2715 1174 2739 concillo
1192 2722 1298 2739 ecume-

407 2759 473 2783 nico
492 2758 670 2783 lateranense
689 2757 710 2789 Ι,
730 2758 780 2782 che
800 2759 829 2782 su
849 2758 991 2782 celebrato
1012 2766 1027 2782 a
1045 2756 1138 2782 Roma
1151 2756 1228 2782 dalla
1248 2757 1299 2781 do-

408 2803 517 2826 menica
535 2800 565 2826 18
579 2801 605 2825 al
620 2800 735 2825 venei-di
756 2807 791 2833 30
810 2808 905 2825 marzo
922 2807 998 2832 1123.
1034 2800 1058 2824 11
1078 2799 1183 2824 sinodo
1202 2800 1231 2824 dl
1251 2801 1297 2824 cui

406 2844 488 2876 parla
507 2843 652 2868 Landolfo
673 2841 744 2867 duro
764 2843 893 2867 soltanto
920 2843 973 2867 due
998 2843 1103 2874 giomi,
1129 2842 1175 2866 dal
1202 2839 1299 2866 lunedi

407 2886 434 2910 al
454 2885 607 2910 mercoledl
627 2884 676 2918 (cf.
694 2885 796 2914 Savro,
816 2893 842 2918 p.
862 2885 936 2918 477).

495 2925 507 2943 ¹
526 2927 573 2952 Cf.
592 2935 675 2960 sopra
696 2936 722 2952 n.
743 2933 784 2952 21.

493 2969 504 2985 ³
524 2969 685 2999 Gtherlo,
706 2971 793 2994 arciv.
813 2970 840 2994 di
862 2970 999 2994 Ravenna
1019 2969 1065 2994 dal
1087 2976 1155 3001 1119
1175 2968 1201 2994 al
1224 2975 1299 3001 1144.

497 3011 508 3027 ⁴
529 3012 573 3037 Cf.
593 3019 678 3044 sopra
698 3020 724 3037 n.
746 3018 793 3041 20:
815 3012 860 3036 nel
882 3019 975 3036 marzo
1005 3017 1080 3043 1105,
1100 3011 1130 3036 in
1150 3011 1300 3036 occasione

1355 2714 1399 2738 del
1420 2714 1526 2738 sinodo
1546 2715 1647 2739 tenuto
1666 2713 1701 2738 da
1720 2713 1858 2745 Pssqusle
1876 2713 1902 2737 11
1923 2720 1939 2738 a
1958 2712 2058 2737 Roma.

1443 2755 1453 2770 ⁵
1472 2756 1519 2782 Cf.
1538 2763 1623 2788 sopra
1643 2764 1670 2780 n.
1689 2762 1738 2788 μς
1758 2755 1803 2779 nel
1824 2763 1917 2779 marzo
1939 2753 2015 2780 1116.

1442 2796 1454 2813 ὅ
1473 2799 1617 2822 Bernardo
1637 2805 1684 2822 era
1704 2799 1778 2822 stato
1791 2798 1879 2822 eletto
1892 2804 2014 2821 vescovo
2027 2797 2056 2820 dl
2070 2795 2184 2820 Verona
2197 2793 2248 2820 nef

1358 2847 1433 2873 1123,
1452 2849 1466 2865 e
1486 2839 1558 2864 mori
1579 2840 1601 2864 il
1625 2847 1653 2872 ¹5
1675 2840 1826 2864 novembre
1848 2845 1924 2871 1135.

1443 2881 1454 2898 ⁷
1473 2883 1577 2907 Enrico
1596 2881 1629 2914 V,
1644 2882 1747 2907 ultimo
1761 2882 1932 2914 imperatore
1945 2882 1973 2905 di
1988 2879 2060 2906 Cass
2074 2879 2244 2911 Franconta,
2255 2911 2272 2918 Ι,

1355 2925 1428 2951 mori
1451 2926 1495 2950 nel
1519 2930 1594 2956 1125.
2254 2947 2255 2950 ,

1442 2966 1453 2984 ⁸
1473 2968 1572 2992 Olrico
1591 2967 1702 2999 (Ulrlco
1721 2967 1754 2992 ed
1769 2967 1857 2991 anche
1869 2966 1974 2990 Enrico
1993 2973 2010 2990 ο
2029 2964 2154 2998 Onorlo)
2168 2963 2251 3002 mori:

1357 3011 1379 3034 il
1399 3009 1432 3034 28
1453 3010 1567 3042 maggio
1588 3008 1656 3033 1126
1674 3008 1722 3042 (cf.
1741 3008 1843 3039 SAv1o,
1862 3015 1890 3041 p.
1910 3007 1982 3039 481).
