2288 3476
209 1885 284 1909 Mun..
294 1889 333 1910 ⁴97

233 2051 254 2068 c.
267 2045 314 2065 ear

396 348 618 390 comparavit.
665 346 719 379 Ac
742 347 791 378 sic
815 352 964 390 stragem
989 356 1090 388 quam
1115 346 1296 387 plurimam
1320 351 1465 389 uterque
1489 346 1647 388 pontifex
1664 347 1891 385 commiscuit3
1907 347 1942 379 in
1965 359 2033 391 qua
2055 347 2211 395 Rogeriss‘j

395 401 439 432 de
464 400 642 438 Sorexina,
666 400 764 432 miles
787 400 997 442 capitaneuS‚
1015 406 1048 431 et
1063 398 1280 441 Ariprandus
1304 399 1347 432 de
1364 399 1626 442 Lampugniano
1640 399 1661 438 ¹,
1684 400 1845 434 vexilifer
1869 402 1912 433 de
1928 400 2176 440 vavassoribus,

396 453 612 496 Ariprandus
636 453 679 484 de
702 452 820 490 Meda,
845 452 932 484 civis
955 452 1249 494 prudentissimus,
1266 462 1344 484 cum
1361 463 1463 495 quam
1479 452 1635 495 pluribus
1652 453 1808 496 ejusdem
1825 453 2015 486 nobilitatis
2029 452 2214 488 hominib·

397 507 505 539 occisi
528 511 616 538 sunt.

483 604 535 635 39.
560 622 601 627 —-
625 602 697 635 Sed
720 612 798 634 cum
822 601 1007 634 Grosulani
1033 602 1205 634 mantica²
1228 603 1319 635 foret
1342 609 1485 636 exausta
1500 608 1534 636 et
1557 603 1716 636 Yordani
1731 604 1847 637 adhuc
1871 611 2024 643 onerata,
2041 614 2193 638 conven

392 656 489 688 facta
511 661 564 687 est
586 665 650 697 per
672 656 867 697 pecuniam,
893 655 1087 688 Grosulano
1112 656 1330 697 promissam,
1355 666 1457 699 quam
1488 656 1561 698 ipse
1594 656 1819 698 Grosulanus,
1849 662 1952 700 prout
1975 657 2112 698 dicitur,

391 708 462 741 suis
494 714 530 741 et
564 708 788 741 Yordanistis
818 708 1050 750 participavit.
1098 709 1142 741 Et
1172 708 1268 741 facta
1299 709 1575 751 participatione,
1608 709 1822 743 Grosulanus
1850 710 2087 743 Mediolanum
2127 724 2167 739 r·
2187 727 2199 738 κ
2251 710 2254 734 '²

392 767 495 804 atque
518 761 732 794 Placentiam
763 761 890 798 adivit;
914 761 1033 805 ibique
1057 762 1090 793 in
1115 762 1325 794 monasterio
1349 763 1460 794 sancti
1489 762 1638 801 Marchi,
1669 764 1763 805 quod
1793 769 1845 796 est
1876 764 1921 796 de
1954 763 2210 808 congregati·-

393 815 505 848 Vallis
528 814 730 853 Umbrosae,
753 815 954 857 hospitatus,
977 815 1112 847 invenit
1136 814 1343 848 Ardericum
1365 815 1597 854 Laudensem,
1621 827 1722 859 quem
1747 817 1880 849 fecerat
1902 816 1968 850 sibi
1991 817 2167 856 vicarium,

393 868 486 901 victu
510 874 545 900 et
567 869 603 900 in
619 868 744 901 vestitu
767 868 920 912 ejusdem
946 869 1226 912 congregationis
1248 869 1466 901 monachum.
1513 869 1613 901 Alter
1635 880 1718 902 vero
1741 870 1936 902 Ardericus
1966 870 2009 903 de
2040 869 2180 904 Carina

392 923 452 966 qui
481 921 657 955 licentiam
685 921 826 965 jurandi
857 921 900 954 ab
929 922 1007 959 isto,
1038 933 1115 954 cum
1140 927 1232 954 esset
1262 922 1422 961 vicarius,
1454 923 1614 965 suscepit,
1644 928 1678 954 et
1709 923 1893 956 occasione
1922 923 2014 956 illius
2043 924 2201 968 jur-ame

394 975 599 1008 sententiam
622 975 657 1007 in
681 975 910 1008 Grosulanum
935 975 1032 1008 dedit
1056 981 1090 1008 et
1112 975 1319 1008 Yordanum
1342 975 1377 1007 in
1393 976 1692 1018 archiepiscopum
1709 976 1825 1020 elegit,
1842 976 2026 1010 Grosulani
2041 976 2154 1010 adven
2192 997 2204 1005 »

391 1040 461 1062 non
477 1029 684 1071 expectavit,
701 1029 765 1061 sed
781 1029 941 1065 circuens
964 1029 1192 1061 transmarina
1208 1029 1297 1067 loca,
1313 1029 1473 1061 inventus
1490 1034 1524 1061 et
1539 1028 1714 1072 jugulatus
1729 1036 1781 1062 est
1796 1040 1816 1062 a
1831 1029 1992 1063 Turchis.
2038 1030 2170 1063 Sciend
2190 1047 2206 1057 .,

393 1093 532 1126 quoque
561 1088 623 1121 est,
654 1082 747 1125 quod
780 1082 974 1115 Grosulano
1005 1088 1039 1114 et
1068 1081 1237 1115 Yordano
1269 1082 1435 1115 existente
1468 1087 1608 1115 auctore
1638 1082 1952 1116 Mediolanensium
1987 1094 2050 1126 per
2078 1083 2181 1128 grati
2207 1121 2214 1126 Α

394 1135 524 1169 domini
547 1135 702 1168 Pascalis
718 1146 806 1178 pape
831 1136 986 1174 secundi,
1003 1136 1125 1178 clerus,
1149 1135 1297 1178 populus
1321 1135 1607 1176 Mediolanensis,
1630 1141 1755 1168 natura
1777 1136 1904 1169 nobilis
1927 1142 1963 1170 et
1977 1137 2170 1181 religiosus,
2195 1145 2206 1160 ··
2257 1155 2260 1163 ι

394 1195 540 1233 utraque
563 1195 662 1232 parte
686 1199 756 1221 non
779 1189 851 1222 sine
869 1199 975 1222 causa
991 1189 1117 1221 dicitur
1139 1189 1227 1221 levis
1243 1196 1278 1222 et
1301 1199 1410 1221 vanus
1426 1195 1459 1221 et
1475 1189 1519 1222 ad
1544 1189 1727 1233 cujuslibet
1749 1190 1911 1223 novitatis
1933 1190 2172 1233 presumption
2202 1197 2220 1216 ν’

393 1249 583 1286 promptus.
629 1242 735 1286 Cujus
757 1243 848 1274 enirn
871 1242 1052 1286 religionis
1074 1248 1110 1275 et
1133 1241 1322 1274 nobilitatis
1338 1243 1403 1274 fuit
1417 1242 1476 1274 ille
1492 1243 1641 1285 spiritus,
1658 1243 1717 1286 qui
1735 1244 1865 1276 monuit
1887 1243 2090 1277 Yordanum
2113 1254 2152 1277 su
2186 1260 2201 1271 ··

393 1307 461 1340 que
484 1296 615 1329 clerum
639 1302 676 1328 et
697 1296 874 1338 populum,
897 1302 934 1328 ut
950 1295 1159 1338 exprobaret
1181 1301 1215 1328 et
1239 1296 1555 1329 excommunicaret
1577 1296 1779 1329 Anselmum
1797 1297 1841 1329 de
1857 1297 2026 1336 Pusterla‚
2043 1297 2172 1330 diacon
2203 1314 2206 1325 2

393 1349 616 1388 ordinarium,
641 1349 721 1392 quia
744 1349 842 1382 dedit
866 1349 1078 1390 conscilium,
1102 1355 1139 1381 ut
1163 1349 1346 1381 Grosulani
1370 1355 1404 1382 et
1427 1350 1584 1382 Yordani
1609 1360 1711 1382 causa
1734 1350 1990 1383 discerneretur
2004 1360 2068 1393 per
2091 1350 2220 1395 legin-..j

393 1413 483 1436 mam
500 1408 534 1436 et
550 1402 747 1446 generalem
771 1403 940 1446 synodum
955 1402 967 1434 ?
992 1403 1133 1440 Iterum,
1149 1413 1217 1445 qua
1232 1402 1364 1434 ratione
1381 1402 1587 1446 divulgavit,
1604 1403 1752 1435 eundem
1769 1403 1839 1435 dici
1857 1413 2032 1442 eroneum,
2048 1404 2130 1446 quia
2197 1395 2201 1400 ’
2216 1407 2219 1410 ’

397 1457 494 1488 clero
518 1462 552 1488 et
574 1455 704 1498 populo
729 1455 912 1488 Grosulani
935 1455 1008 1498 egit
1030 1454 1255 1488 scrutinium⁸
1280 1461 1314 1488 et
1327 1455 1568 1498 baptismum?
1592 1456 1639 1489 Et
1655 1462 1774 1489 contra
1796 1456 2012 1494 Yordanum,
2035 1456 2207 1500 apostoli
2260 1455 2263 1503 j

396 1510 601 1542 auctoritate
625 1509 789 1542 donatum
812 1509 1123 1551 archiepiscopum,
1148 1508 1223 1551 quis
1245 1509 1358 1551 potuit
1382 1508 1512 1547 dicere,
1536 1519 1611 1541 esse
1634 1509 1850 1542 simulacrum
1876 1515 1912 1542 et
1933 1510 2107 1542 hominem
2124 1519 2168 1552 pe
2198 1509 2222 1539 ιζ

393 1562 475 1594 dum
498 1562 609 1606 atque'
625 1561 823 1604 perjurum?
848 1561 1030 1599 Nimirum,
1047 1562 1075 1594 si
1091 1572 1209 1604 quero.
1257 1560 1349 1599 Quia
1373 1562 1454 1594 dum
1477 1562 1690 1595 Grosulanus
1712 1562 1746 1594 in
1769 1562 1933 1604 predicto
1956 1562 2067 1595 sancti
2090 1562 2214 1596 Marc·

392 1615 600 1648 monasterio
624 1621 724 1651 esset.
748 1621 782 1647 et
804 1613 987 1647 Anselmus
1008 1614 1199 1647 Mediolani
1225 1615 1368 1647 instaret
1391 1621 1426 1647 et
1449 1614 1697 1659 obligationem
1722 1616 1955 1648 conveniendi
1970 1616 2015 1649 ad
2030 1615 2171 1660 general
2262 1613 2264 1625 ’

393 1670 566 1713 synodum
589 1674 760 1711 quereret,
784 1674 819 1701 et
841 1667 1029 1700 Yordanus
1044 1668 1113 1700 hoc
1128 1668 1204 1700 fieri
1226 1668 1438 1710 prohiberet,
1463 1668 1592 1701 dicitur
1606 1674 1642 1701 et
1658 1668 1822 1707 creditur,
1839 1669 1934 1712 quod
1949 1669 2099 1711 pecunia
2113 1669 2191 1713 jura
2222 1668 2225 1669 ⁷

391 1727 426 1755 et
449 1722 530 1756 data
552 1722 618 1755 fuit
641 1721 835 1754 Grosulano
859 1727 963 1764 atque
985 1720 1161 1759 Anselmo‚
1178 1731 1222 1753 ne
1245 1732 1392 1765 persona
1415 1721 1573 1755 Yordani
1597 1722 1892 1763 calumpniaretur
1907 1722 1951 1755 ab
1966 1722 2036 1756 illis
2050 1722 2088 1755 in
2110 1722 2180 1766 aliq
2201 1715 2230 1754 »zs

394 1776 539 1821 synodo.

480 1875 532 1906 40.
558 1892 598 1897 —
621 1873 729 1917 Igitur
751 1873 818 1904 hac
841 1873 1002 1905 cautione
1026 1873 1122 1906 facta
1144 1883 1207 1915 per
1229 1873 1458 1915 presbiterum
1477 1873 1658 1905 Nazarium
1675 1873 1881 1906 Muriculam
1897 1873 1943 1906 et'
1965 1874 2166 1907 Lanfranch
2201 1891 2228 1911 «3.

391 1928 420 1960 F
421 1927 578 1965 erarium,
601 1932 702 1969 prout
724 1926 864 1964 dicitur,
888 1926 1068 1969 contingit,
1092 1927 1187 1969 quod
1209 1925 1379 1969 presbiter
1402 1926 1563 1959 Andreas
1585 1926 1676 1959 bone
1699 1927 1863 1959 memorie
1887 1927 2104 1969 primicerius
2119 1927 2192 1960 obit
2201 1925 2222 1944 ⁴
2263 1965 2268 1971 ¹

389 1981 456 2014 Cui
478 1981 646 2012 successit
668 1980 848 2022 predictus
873 1979 1042 2022 presbiter
1065 1980 1241 2012 Nazarius.
1287 1980 1340 2012 De
1363 1990 1433 2023 quo
1456 1980 1607 2013 Nazario
1630 1987 1786 2023 superest
1807 1980 1910 2014 michi
1928 1981 2044 2014 adhuc
2060 1982 2226 2025 quedam.
2265 1977 2268 2003 ⁸

389 2034 554 2072 scribere,
577 2033 683 2066 veluti
707 2034 751 2065 de
775 2034 925 2071 homine,
949 2033 1008 2075 qui
1033 2034 1130 2076 quasi
1153 2039 1341 2066 coetaneus
1363 2039 1397 2065 et
1421 2033 1681 2076 condiscipulus
1704 2034 1817 2066 extitit
1839 2044 1974 2066 mecum
1998 2035 2033 2066 in
2055 2045 2124 2067 una
2139 2030 2231 2067 vicis

391 2087 499 2120 nitate
521 2093 555 2120 et
578 2087 642 2120 sub
667 2087 850 2129 disciplina
873 2087 974 2130 hujus
996 2087 1179 2128 presbiteri
1203 2086 1356 2124 Andree,
1379 2088 1438 2129 qui
1464 2087 1576 2119 dictus
1600 2087 1666 2119 fuit
1688 2087 1887 2129 Dalvultum
1910 2088 2099 2120 secundum
2129 2098 2147 2120 s
2176 2103 2181 2115 ι

392 2141 647 2184 cognationem.
694 2140 760 2172 Iste
784 2140 902 2182 itaque
919 2139 1098 2182 Nautius,
1115 2151 1192 2172 cum
1210 2146 1300 2172 esset
1314 2140 1406 2172 infra
1423 2140 1561 2172 ordines
1578 2140 1725 2172 clericus
1741 2146 1776 2172 et
1791 2141 1925 2184 juvenis
1941 2141 2080 2185 ingenio
2096 2151 2163 2174 acu

390 2194 504 2232 simus,
527 2204 597 2226 non
620 2194 694 2226 sine
718 2204 821 2226 causa
842 2193 946 2226 michi
971 2193 1142 2226 infantulo
1166 2194 1294 2238 adjecit
1317 2204 1454 2230 nomen,
1478 2194 1611 2226 scilicet
1627 2193 1759 2226 clocam
1773 2193 1784 2210 ⁵
1801 2195 1911 2226 sancti
1927 2194 2036 2227 Pauli.
2081 2194 2180 2227 Insu·
2216 2199 2229 2201 ’

389 2248 475 2290 ipse,
498 2248 579 2280 dum
603 2246 821 2291 singulariter
844 2247 1016 2280 habitaret
1039 2247 1198 2279 solarium
1222 2257 1330 2285 suum,
1353 2258 1407 2278 me
1431 2253 1466 2279 et
1497 2247 1678 2279 Rusticum
1709 2247 1941 2287 Gemmarum,
1968 2247 2042 2280 sive
2072 2247 2144 2282 Cac
2177 2263 2204 2275 ιι

391 2306 494 2343 atque
518 2300 703 2333 Nazarium
725 2300 873 2339 Flotam,
896 2310 1001 2342 super
1023 2300 1133 2342 ipsum
1157 2300 1322 2332 solarium
1344 2300 1491 2338 induxit,
1514 2305 1617 2342 atque
1643 2300 1687 2332 de
1710 2300 1843 2342 nuptiis
1864 2301 1984 2333 fratris
1999 2300 2053 2334 sui
2069 2311 2206 2334 suave

392 2354 494 2387 dulce
517 2353 698 2386 obsonium
714 2353 813 2385 nobis
836 2353 987 2395 prebuit,
1005 2352 1065 2384 ubi
1081 2363 1146 2395 per
1159 2353 1386 2395 precedentia
1402 2358 1438 2385 et
1454 2353 1644 2396 sequentia,
1669 2364 1736 2396 que
1754 2353 1798 2385 de
1816 2353 1904 2386 libro
1921 2353 2038 2387 cordis
2053 2353 2128 2397 ejus
2145 2353 2191 2386 l·

390 2407 481 2439 illius
503 2407 654 2439 animum
685 2407 819 2448 previdi
852 2417 920 2439 non
951 2406 1060 2449 magis
1091 2412 1256 2448 appetere
1287 2411 1406 2439 sancte
1436 2405 1709 2438 Mediolanensis
1740 2407 1887 2439 ecclesie
1918 2407 2094 2446 decorem,
2121 2418 2201 2451 qu·

389 2460 544 2504 ejusdem
567 2459 735 2493 ecclesiae
759 2459 879 2492 utilem
896 2466 930 2491 et
946 2460 1125 2492 honestam
1141 2459 1364 2492 nobilitatem.
1411 2459 1450 2491 In
1467 2459 1530 2492 isto
1553 2469 1700 2502 namque
1724 2465 1880 2502 tempore
1904 2466 2020 2493 nostre
2043 2461 2207 2494 coevitaw

2206 2275 2272 2446 l

477 2577 503 2603 5.
523 2571 636 2596 XXVII.
655 2571 728 2596 Data
745 2570 859 2603 pecunia
876 2570 1038 2596 Grossulano
1057 2573 1081 2595 et
1091 2570 1219 2596 Anselmo
1231 2571 1262 2595 de
1273 2570 1405 2602 Pusterla,
1419 2570 1600 2596 Grossulanus
1615 2570 1780 2596 Placentiam
1793 2571 1860 2596 adiit
1876 2585 1904 2589 -
1921 2571 1962 2596 28.
1975 2571 2104 2596 xxvm.
2114 2570 2156 2597 De
2193 2583 2203 2591 ἰ

389 2613 464 2638 ribus
481 2614 505 2638 a
523 2613 644 2638 imbratis
654 2611 664 2629 ⁶
683 2613 819 2645 presbiteri
837 2613 952 2637 Nazarii
969 2613 1106 2638 Muricule

478 2708 519 2734 23.
540 2701 694 2733 Nlmirum]
714 2701 736 2726 il
753 2701 835 2726 Sassx
859 2704 975 2734 propone
993 2701 1022 2726 di
1040 2701 1135 2734 leggere
1156 2701 1198 2726 nil
1217 2703 1319 2726 mirum
1338 2715 1370 2720 -
1392 2706 1433 2733 ²5.
1453 2701 1470 2725 I
1487 2701 1559 2727 codd.
1577 2701 1607 2726 H
1624 2701 1656 2726 ed
1673 2701 1702 2726 N
1720 2701 1809 2726 hanno
1827 2701 1972 2734 prohibet;
1990 2700 2004 2726 δ
2021 2700 2168 2734 preteribat
2201 2694 2224 2718 ’ἶ

389 2743 485 2769 lenione
502 2744 531 2769 di
549 2743 574 2768 R
594 2758 625 2763 ——
644 2751 687 2777 34.
706 2743 827 2776 clocam]
845 2744 950 2769 clerica
968 2743 993 2768 R

478 2830 486 2848 ¹
505 2832 614 2865 Meguo
634 2833 849 2866 Lampugnano.
1419 2831 1431 2848 ⁴
1451 2832 1524 2858 Mori
1547 2840 1628 2857 verso
1647 2833 1675 2857 la
1693 2833 1748 2857 fine
1767 2832 1811 2857 del
1835 2839 1911 2864 1113,

478 2873 489 2890 ²
508 2873 580 2899 Cioe
599 2877 670 2907 pera,
691 2875 785 2900 borsa.
1423 2875 1434 2891 ⁵
1455 2875 1497 2900 La
1516 2875 1597 2900 Clooa
1614 2874 1628 2900 ὲ
1647 2876 1675 2900 la
1700 2882 1853 2907 campana;
1879 2875 1900 2899 ll
1927 2875 2095 2907 nomignolo
2122 2875 2151 2900 fu
2170 2875 2227 2911 ¹¹¹²!
2270 2871 2271 2874 ¹

476 2914 488 2932 ³
508 2916 632 2942 L’esame
651 2917 694 2942 dei
716 2918 888 2942 catecumeni
909 2918 958 2942 che
978 2919 1001 2942 si
1027 2918 1122 2942 faceva
1148 2918 1178 2942 in
1205 2918 1279 2947 Qun·
1334 2919 1418 2950 posto
1438 2925 1493 2942 con
1513 2917 1676 2950 significato
1696 2918 1832 2950 maligno.

389 2959 490 2983 resima
509 2966 558 2992 per
577 2960 738 2985 ammettere
757 2960 798 2992 gli
820 2959 919 2984 idonei
937 2960 965 2984 al
988 2961 1139 2984 battesimo
1166 2960 1211 2985 nel
1237 2968 1278 2985 sa-
1421 2959 1432 2975 ⁶
1452 2959 1560 2989 Questo
1579 2960 1722 2985 vocabolo
1741 2959 1813 2984 deve
1832 2967 1922 2984 essere
1940 2959 2015 2984 tolto
2035 2959 2082 2984 dal
2106 2966 2142 2984 vo
2162 2971 2166 2987 3

388 3000 456 3025 bato
475 3002 569 3026 santo.
1333 3010 1347 3026 e
1365 3004 1388 3026 si
1409 3000 1466 3035 pud
1487 3004 1603 3027 mettere
1622 3003 1652 3027 ln
1667 3002 1811 3026 relazIone
1825 3009 1877 3026 con
1891 3001 2036 3026 vitaliano
2048 3001 2149 3026 imbra
2160 3012 2167 3021 ι
2205 3017 2208 3020 ›
2223 3014 2230 3026 .=
