2288 3476
190 551 265 575 Μυκη
280 556 320 576 475

212 1243 233 1260 ι’.
247 1242 294 1262 74⁰

197 1774 273 1800 Mum,
289 1776 328 1800 ⁴76

386 334 468 368 tum,
492 329 671 371 elegerunt
693 328 758 361 sibi
780 329 814 359 in
838 328 1048 370 episcopum.
1097 327 1140 359 Et
1163 326 1333 369 eligentes
1355 336 1423 358 una
1448 336 1523 358 cum
1546 326 1606 358 illo
1630 326 1756 359 ellecto
1780 331 1815 360 et
1836 326 1906 359 illis
1930 326 2064 360 duobus
2093 337 2173 363 sac

387 382 526 414 dotibus
550 381 594 413 ab
616 382 881 423 archiepiscopo
904 380 1023 420 missis,
1046 379 1212 411 videlicet
1234 378 1427 421 presbitero
1449 379 1610 422 Johanne
1633 378 1767 412 Aculeo
1791 385 1826 412 et
1848 380 2038 422 presbitero
2061 380 2116 414 Na
2159 416 2163 418 ,

384 434 567 473 Muricula,
597 434 838 466 Mediolanum
870 438 1116 475 pervenerunt3
1146 432 1264 474 ibique
1290 443 1355 474 per
1375 432 1561 465 iussionem
1593 432 1857 475 archiepiscopi,
1880 433 1962 476 quia
1983 434 2050 466 iam
2078 439 2153 467 erat

384 488 606 529 expeditione
630 486 770 529 positus,
795 485 1004 518 Grosulanus
1018 484 1062 516 ab
1085 483 1237 517 Armano
1261 485 1423 517 Brisiensi
1438 491 1473 518 et
1495 484 1640 518 Arialdo
1661 485 1828 528 Januensi
1843 491 1878 519 et
1894 485 2077 519 Mainardo
2091 485 2100 503 ¹
2116 486 2171 520 Tu»

386 540 517 572 rinensi
540 539 719 573 ordinatus
742 545 794 571 est
808 539 991 580 episcopus
1014 543 1048 570 et
1071 537 1326 580 archiepiscopi
1349 538 1506 571 vicarius.
1552 538 1683 571 Verum
1698 538 1790 582 quia'
1807 538 1883 581 ipse
1900 539 2080 572 ordinatus
2094 549 2169 577 ses-

389 594 599 626 Saonensem
622 593 775 625 nundum
801 592 1016 629 ascenderat,
1039 592 1084 624 ad
1107 591 1218 634 ipsam
1247 591 1421 624 civitatem
1446 591 1543 624 adire
1574 592 1752 634 temptavit
1775 597 1810 624 et
1832 593 1980 636 quodam
2004 593 2109 626 modo
2140 609 2147 621 ·

383 646 487 679 venit.
534 645 605 678 Sed
627 645 766 688 requies
789 644 848 684 ibi,
871 644 899 676 si
923 655 1024 687 quam
1047 644 1176 683 habuit,
1207 644 1410 687 parviSsima
1431 644 1507 677 fuit.
1558 645 1603 678 At
1626 643 1791 677 citissime
1814 645 1896 677 inde
1921 645 2051 685 exiens,
2076 645 2149 678 M..

384 700 500 732 lanum
516 699 629 731 rediit.
667 698 772 731 Cuius
788 707 913 742 magne
931 697 1077 730 civitatis
1094 697 1303 730 commonuit
1316 703 1465 740 gentem,
1481 703 1519 731 ut
1533 709 1597 741 per
1611 698 1764 741 singulas
1779 698 1992 732 ebdomadas
2006 697 2043 731 in
2059 709 2117 732 sec
2152 691 2182 727 es

384 752 476 784 feria
499 752 544 784 ad
569 752 679 784 sancti
704 750 877 784 Ambrosii
903 750 1087 784 ecclesiam
1117 751 1344 783 convenirent
1365 757 1400 783 et
1421 761 1486 793 pro
1510 752 1773 794 archiepiscopo
1795 751 1857 784 illo
1879 750 2047 784 Anselmo
2069 751 2104 784 ei
2134 768 2158 781 ,ι

386 805 538 837 exercitu
562 805 707 837 letanias
730 805 900 836 facerent.
945 804 1023 846 Ipse
1046 815 1131 836 vero
1156 804 1368 836 Grosulanus
1390 814 1460 836 non
1484 804 1592 836 solum
1609 804 1643 835 in
1666 804 1748 847 ipsis
1763 804 1871 844 feriis,
1894 805 1955 837 sed
1978 805 2054 837 fere
2068 815 2131 847 per
2151 813 2189 853 ιῑις,
2241 807 2245 819 ⁸

385 858 483 901 gulas
494 858 699 890 festivitates
712 857 763 889 illi
779 867 903 901 magne
915 857 1013 901 genti
1025 857 1199 890 loculente
1215 857 1514 890 sermocinabatur
1530 862 1564 889 et
1580 857 1848 890 sermocinando
1862 867 1932 890 non
1947 857 2057 902 magis
2072 858 2134 891 aff
2164 859 2179 885 s·

387 911 446 943 bat
467 921 542 943 eam
563 910 642 950 sibi,
665 921 766 953 quam
790 910 978 953 asperitate
1006 911 1146 957 vestitus
1168 916 1202 942 et
1225 909 1296 943 cibi
1307 909 1330 942 ¹.
2175 902 2195 914 ⁸

472 1018 502 1050 ὁ.
527 1035 567 1042 -
591 1018 730 1050 Interea
760 1017 932 1060 presbiter
961 1017 1159 1059 Liprandus
1189 1017 1254 1059 ipsi
1283 1017 1487 1055 Gmsulano,
1519 1018 1698 1050 adherenti
1728 1018 1894 1051 cathedre
1923 1010 2201 1063 archiepiscopis

385 1081 501 1104 coram
524 1070 666 1103 Andrea
689 1070 895 1103 Primicerio
923 1078 957 1103 et
980 1070 1182 1113 quibusdam
1214 1070 1305 1102 alliis
1328 1070 1569 1103 sacerdotibus
1591 1070 1728 1113 placide
1753 1071 1850 1111 dixit,
1871 1076 1910 1104 ut
1939 1071 2072 1104 oridam
2094 1082 2153 1105 ca·
2171 1063 2199 1116 ὦ(

384 1130 526 1157 exueret
549 1130 583 1157 et
614 1124 875 1156 convenientem
906 1130 1000 1157 tanto
1030 1123 1163 1156 vicario
1194 1123 1363 1156 indueret.
1410 1124 1474 1157 Cui
1506 1124 1697 1167 presbitero
1728 1124 1786 1156 ille
1817 1123 2040 1164 Grosulanus,
2069 1126 2159 1168 preti
2180 1145 2206 1163 ⁴.
2251 1145 2252 1148 =
2287 1149 2288 1152 κ

386 1178 523 1210 emendi
538 1187 608 1210 non
622 1177 764 1217 habere,
780 1178 971 1220 respondit.
1016 1178 1118 1210 Tunc
1135 1177 1304 1220 presbiter
1320 1177 1516 1220 Liprandus
1533 1177 1577 1210 ad
1592 1178 1826 1220 primicerium
1843 1178 1966 1221 inquit:
1996 1180 2011 1196 “
2024 1177 2153 1212 Primic
2201 1178 2208 1207 ’ῑ
2253 1202 2256 1211 .

391 1232 406 1247 “
421 1230 532 1263 dives'
550 1242 598 1270 es,
615 1236 649 1263 et
663 1237 763 1274 potes
778 1231 846 1263 hoc
862 1231 1010 1273 pretium
1033 1231 1122 1263 bene
1138 1236 1303 1273 prestare.
1350 1230 1606 1270 Verumtamen,
1629 1231 1658 1263 si
1673 1231 1798 1273 placet,
1814 1231 1976 1274 prestabo
1998 1231 2164 1266 medietat
2194 1250 2198 1260 ε
2254 1233 2255 1241 ’

391 1285 506 1318 “tanti
529 1284 630 1327 pretii
645 1307 674 1326 „.
719 1284 943 1317 Primicerius
965 1290 1078 1316 autem
1102 1284 1311 1326 presbitero:
1342 1284 1445 1316 “Hoc
1462 1284 1545 1317 satis
1567 1284 1743 1327 perficiam
1766 1285 1801 1316 in
1824 1284 2019 1325 crastino„.
2063 1285 2109 1323 Et
2123 1285 2158 1318 vi
2256 1297 2257 1300 ¹

386 1338 457 1370 rius
478 1343 538 1370 aut
559 1338 618 1376 ait,
641 1338 736 1381 quod
759 1349 835 1370 eam
859 1348 928 1370 non
951 1338 1121 1375 indueret,
1152 1347 1229 1370 cum
1261 1338 1304 1370 de
1329 1343 1531 1380 contemptu
1560 1337 1680 1370 mundi
1701 1338 1805 1370 vitam
1837 1348 1942 1381 agere
1971 1338 2185 1381 proposuise
2203 1344 2217 1365 a·

386 1392 466 1424 Hoc
488 1397 525 1424 ut
548 1391 719 1434 presbiter
749 1391 808 1423 ille
831 1390 1031 1433 Liprandus
1061 1390 1205 1430 audivit,
1232 1391 1295 1423 sub
1319 1391 1467 1434 quadam
1497 1391 1734 1424 admirationis
1764 1391 1880 1433 specie
1911 1391 2055 1434 protulit
2084 1391 2179 1425 dice·
2196 1418 2199 1420 >

390 1445 405 1461 ¹⁴
419 1444 506 1477 Cum
535 1445 670 1487 spernis
692 1445 855 1476 mondum
879 1453 941 1476 cur
964 1443 1087 1476 venisti
1109 1445 1146 1475 in
1169 1444 1334 1476 mondum
1346 1443 1372 1476 ?.
1419 1444 1472 1476 En
1497 1444 1618 1476 civitas
1639 1444 1704 1476 ista
1734 1454 1795 1476 suo
1818 1454 1914 1476 more
1937 1444 2043 1478 utitur
2073 1445 2173 1488 pelli·
2191 1461 2224 1477 ιω

390 1498 405 1515 “
419 1498 523 1531 variis
543 1498 652 1542 grixis
663 1497 687 1537 ⁴,
700 1497 894 1530 marturinis
908 1496 920 1513 ⁶
935 1503 970 1529 et
986 1497 1113 1529 ceteris
1128 1497 1287 1539 pretiosis
1303 1498 1512 1530 ornamentis
1534 1503 1569 1530 et
1592 1497 1688 1530 cibis.
1732 1498 1854 1540 Turpe
1871 1497 2008 1541 quidem
2023 1498 2089 1531 erit
2110 1509 2156 1532 no
2181 1499 2191 1508 “

391 1551 406 1568 “
420 1561 498 1584 cum
522 1552 656 1584 advene
677 1557 712 1584 et
734 1551 908 1594 peregrini
932 1550 1081 1583 viderint
1096 1555 1131 1582 te
1146 1550 1318 1593 hispidum
1335 1556 1370 1582 et
1385 1561 1576 1593 pannosum
1597 1551 1633 1582 in
1656 1550 1756 1584 nobis
1771 1574 1799 1592 „.
1844 1550 2008 1584 Attamen
2023 1551 2172 1585 vicarius
2207 1551 2223 1579 si

387 1605 454 1637 hac
479 1616 540 1638 sua
563 1605 773 1637 comoditate
796 1604 989 1637 afflictionis
1012 1609 1047 1635 et
1070 1603 1233 1636 orationis
1255 1610 1358 1647 atque
1383 1603 1681 1637 sermocinationis
1697 1615 1761 1647 per
1776 1604 1862 1637 duos
1886 1607 2018 1638 aunos‘
2039 1604 2224 1647 laboravi»

389 1664 424 1691 et
445 1658 635 1691 laborando
659 1657 904 1690 certitudinem
927 1658 971 1689 de
994 1662 1104 1689 morte
1126 1656 1278 1699 predicti
1302 1655 1458 1690 Anselmi
1482 1657 1525 1690 de
1548 1657 1631 1689 Buis
1654 1657 1819 1699 accepit.'
2228 1654 2229 1659 ’

479 1763 508 1798 7.
524 1781 565 1787 -
581 1764 784 1796 Primicerio
799 1763 903 1807 igitur
919 1763 993 1806 ipse
1010 1763 1222 1796 Grosulanus
1239 1768 1273 1795 et
1290 1763 1472 1796 ordinariis
1487 1763 1626 1797 maioris
1641 1763 1916 1796 Mediolanensis
1932 1763 2083 1797 ecclesie
2099 1764 2227 1809 inquit,

389 1823 427 1850 ut
449 1828 486 1850 se
509 1822 690 1860 praesente
714 1817 883 1861 eligerent
905 1816 971 1849 sibi
986 1823 1020 1849 et
1034 1816 1164 1859 populo
1188 1816 1487 1859 archiepiscopum
1511 1817 1786 1856 convenientem,
1809 1818 2007 1861 priusquam
2030 1817 2160 1852 rediret
2174 1818 2227 1852 ad'

389 1871 624 1914 episcopatum
648 1870 870 1903 Saonensem.
917 1870 1017 1902 Tunc
1040 1870 1268 1913 primicerius,
1292 1870 1411 1903 habito
1435 1870 1606 1903 conscilio
1629 1881 1707 1903 cum
1722 1870 1906 1910 nobilibus,
1930 1870 2069 1904 clericis
2091 1877 2126 1904 et
2140 1871 2222 1905 viris

389 1924 592 1963 Mediolani,
615 1935 731 1957 coram
755 1924 884 1967 populo
909 1929 942 1956 et
963 1924 1042 1966 ipso
1065 1923 1210 1956 alterum
1225 1923 1270 1956 de
1294 1924 1429 1957 duobus
1444 1924 1623 1957 Landulfis
1635 1926 1658 1964 ⁷,
1673 1924 1945 1957 Mediolanensis
1962 1924 2111 1958 ecclesie
2127 1924 2231 1970 ordi-p

481 2044 522 2069 ¹3-
539 2037 588 2061 IV.
601 2037 733 2062 Presbiter
749 2037 907 2069 Liprandus
924 2036 1118 2062 Grossulanum
1136 2037 1166 2061 de
1185 2036 1243 2061 villi
1261 2036 1354 2062 habitu
1371 2037 1511 2069 reprendit,
1530 2039 1555 2062 et
1567 2037 1660 2062 audita
1671 2038 1752 2062 morte
1764 2036 1895 2066 Anselmi,
1908 2037 1991 2062 instat
2002 2036 2151 2063 electivum
2160 2037 2220 2070 fieri
2237 2033 2241 2055 ’ἴ

391 2078 550 2104 Grossulam·
570 2093 601 2097 —
622 2086 663 2112 27.
682 2079 716 2104 V.
735 2079 915 2104 Grossulanus
934 2079 964 2104 in
983 2079 1210 2112 archiepiscopum
1228 2079 1344 2111 elligitur
1360 2081 1384 2104 et
1402 2087 1420 2104 a
1438 2081 1558 2106 Romano
1576 2079 1698 2112 pontifice
1717 2079 1768 2104 sibi
1786 2079 1863 2105 stalla
1881 2079 2068 2105 transmittitur

477 2176 501 2201 4.
520 2168 685 2201 Mainardo]
705 2169 853 2193 Mumardo
871 2168 901 2193 H
920 2182 952 2187 —-
975 2168 1061 2200 15-16.
1081 2169 1273 2201 pretium...-

390 2211 512 2236 habendi
533 2218 591 2235 non
610 2218 700 2235 emere
719 2210 868 2243 respondit

348 2315 363 2340 5
391 2306 463 2341 544).
499 2308 619 2333 Intorno
638 2316 653 2333 a
672 2307 849 2333 Grossolano
869 2309 965 2333 vedasi
985 2308 1072 2333 anche
1090 2308 1236 2333 l'articolo
1249 2309 1279 2333 di

391 2349 501 2375 Ounno
519 2350 678 2380 Mssnovm
702 2350 768 2375 Pier
788 2349 932 2375 Grosolano
956 2358 969 2375 e
993 2350 1015 2375 il
1038 2357 1087 2375 suo
1105 2349 1228 2382 epitaffio,
1250 2351 1278 2374 in

390 2391 496 2417 Arch.
515 2393 610 2417 Stor.
629 2392 759 2422 Lomb„
776 2399 851 2424 1922,
864 2399 912 2426 pp.
929 2391 989 2417 1-28
1008 2391 1056 2425 (cs.
1070 2392 1174 2416 Arch.
1187 2392 1278 2417 Stor.

391 2434 521 2464 Lomb.,
546 2441 622 2468 1922,
642 2442 670 2466 p.
689 2433 749 2467 336,
770 2432 860 2466 nota).

481 2476 489 2492 ¹
507 2477 658 2502 Mainardo
671 2476 865 2510 (Maginardo)
881 2477 910 2501 su
924 2477 1013 2502 eletto
1033 2484 1155 2502 vescovo
1175 2477 1203 2501 di
1224 2476 1279 2502 To-

390 2520 456 2544 rino
477 2520 522 2544 nel
539 2527 619 2553 ¹099?
639 2521 676 2545 cf.
695 2520 796 2550 SAvio,
815 2519 859 2544 Gli
878 2519 978 2544 antichi
991 2519 1090 2544 vescovi
1108 2519 1228 2548 d'Italia,
1250 2520 1279 2544 11

390 2562 589 2592 Piemonte,
609 2570 654 2596 pp.
683 2567 777 2596 353-55
792 2562 925 2596 (Torino,
954 2561 1043 2596 1899).
1078 2562 1132 2587 Del
1159 2569 1280 2587 vescovo

391 2605 512 2630 Arialdo
536 2605 682 2630 Landolso
707 2605 787 2637 parla
806 2605 834 2629 al
855 2613 881 2628 n.
901 2610 943 2636 25.

478 2645 490 2662 ²
507 2647 532 2671 11
550 2649 648 2672 tenore
667 2647 696 2671 dl
717 2649 778 2672 vita
797 2655 811 2671 e
832 2647 852 2671 il
873 2647 957 2671 modo
977 2647 1006 2671 di
1026 2648 1131 2671 vestire
1150 2647 1179 2671 di
1194 2645 1279 2672 Gros-

391 2687 490 2712 solano
509 2689 533 2712 si
553 2687 610 2721 pub
629 2689 757 2721 spiegare
776 2688 936 2713 dall’essere
954 2688 1012 2720 egli
1025 2696 1062 2712 un
1083 2695 1201 2713 monaco
1220 2689 1281 2713 val-

390 2730 580 2755 lombrosano.
618 2729 719 2759 Questi
739 2732 851 2755 monaci
866 2730 1060 2755 indossavano
1074 2731 1148 2755 vesti
1162 2731 1282 2755 formate

389 2772 418 2796 di
438 2773 504 2796 lane
522 2773 553 2797 di
572 2773 680 2797 diversi
699 2773 799 2802 colori,
819 2780 877 2797 non
898 2773 980 2802 tinte‚
1000 2771 1093 2797 sicehe
1107 2780 1141 2797 ne
1155 2774 1280 2797 riusciva

389 2822 427 2839 un
447 2815 544 2839 colore
561 2816 657 2847 grigio
680 2814 729 2848 (cf.
754 2815 824 2840 Acta
841 2814 1006 2846 Sanctorum,
1022 2815 1094 2847 Julii
1116 2814 1165 2844 111,
1190 2814 1241 2847 348
1265 2822 1281 2840 e

389 2856 522 2888 altrove).
559 2856 615 2881 San
641 2857 795 2882 Benedetto
821 2865 879 2881 non
905 2864 994 2882 aveva
1019 2857 1170 2890 prescritto
1196 2858 1280 2882 alcun

391 2898 487 2922 colore
506 2906 554 2930 per
574 2899 599 2923 le
619 2901 691 2924 vesti
719 2899 761 2924 dei
790 2900 902 2924 monaci
926 2898 974 2931 (cf.
999 2898 1105 2930 Regola,
1131 2907 1191 2931 cap.
1217 2898 1279 2932 53)3

334 2948 367 2967 20
393 2940 638 2965 nell’undicesimo
657 2942 753 2966 secolo
774 2943 783 2966 i
803 2942 917 2966 monaci
937 2942 1166 2974 distinguevansi
1181 2942 1228 2966 dai
1242 2950 1282 2967 se-

394 2983 483 3007 colari
504 2984 681 3011 unicamente
699 2991 749 3016 per
767 2984 794 3008 la
807 2991 937 3009 rozzezza
951 2985 995 3009 del
1011 2985 1125 3009 vestito.
1150 2985 1205 3010 San
1219 2984 1282 3009 Pie-

333 2528 365 2545 10

334 2734 362 2760 15

1294 2167 1454 2202 respondit]
1473 2168 1527 2194 cosi
1545 2175 1660 2201 oorreggs
1678 2168 1700 2193 il
1718 2169 1799 2193 Sessr
1817 2168 1845 2193 la
1862 2168 1959 2193 lesione
1977 2167 2006 2193 di
2029 2168 2071 2194 H:
2096 2170 2219 2202 pretium

1333 2310 1379 2334 tro
1398 2309 1544 2334 Diamiani
1564 2309 1740 2341 rimprovera
1760 2309 1781 2333 il
1802 2309 1878 2334 lusso
1892 2309 1922 2334 di
1937 2309 2031 2334 alcuni
2045 2309 2122 2334 abati
2135 2316 2151 2334 e
2162 2316 2224 2334 mo-
2245 2329 2249 2331 .

1334 2353 1398 2376 naci
1419 2351 1463 2376 del
1484 2359 1535 2376 suo
1554 2353 1658 2384 tempo.
1695 2351 1746 2376 Nel
1770 2359 1824 2376 sec.
1849 2351 1924 2381 XIII,
1948 2351 1995 2376 col
2020 2351 2242 2384 moltlplicarsi‘

1334 2394 1410 2426 degli
1430 2393 1535 2418 Ordini
1555 2394 1693 2426 religiosi,
1714 2394 1743 2418 fu
1764 2394 1923 2418 necessario
1941 2393 2035 2419 fissare
2048 2395 2057 2418 i
2071 2393 2165 2419 colori
2178 2393 2239 2426 (ie-3

1334 2436 1376 2468 gli
1394 2437 1467 2460 abiti
1485 2437 1531 2460 dei
1550 2437 1662 2460 monaci
1677 2442 1692 2460 e
1705 2437 1750 2460 dei
1763 2436 1902 2469 religiosi.
1927 2435 1971 2461 Cf.
1986 2435 2020 2461 C.
2031 2436 2223 2468 Ριιικθκιῑῐι,

1333 2478 1362 2504 S.
1381 2478 1494 2505 arialdo
1512 2479 1543 2504 ed
1561 2479 1572 2503 i
1594 2478 1814 2511 Vallombrosam',
1834 2481 1865 2503 ln
1884 2479 1995 2504 Arch.
2013 2478 2112 2504 Stor.
2130 2479 2224 2504 Lom·
2247 2498 2249 2510 2

1334 2522 1456 2550 bardo,
1479 2527 1555 2554 1901,
1575 2521 1632 2546 vol.
1651 2521 1687 2551 11,
1707 2529 1733 2553 p.
1755 2527 1826 2553 5-24.
2241 2534 2243 2536 -
2287 2523 2288 2527 ’

1421 2561 1432 2577 ³
1450 2562 1581 2587 Facendo
1601 2561 1663 2588 cioe
1682 2563 1718 2587 da
1738 2563 1848 2587 vicario
1869 2562 2130 2587 dell’arclveseovo.
2246 2595 2247 2598 Ἴ
2281 2594 2282 2597 ¹

1422 2602 1432 2618 ⁴
1451 2604 1539 2629 Color
1558 2606 1625 2629 vaio
1643 2604 1691 2637 (cs.
1711 2605 1758 2630 Du
1771 2605 1886 2635 emen,
1899 2603 2077 2632 Glossarium:
2088 2602 2223 2636 viuum).
2244 2611 2250 2634 ,¹
2279 2624 2283 2635 ‚

1422 2645 1432 2661 ⁶
1451 2647 1623 2671 Armellino.
2252 2680 2254 2682 ‚
2278 2637 2283 2647 ‘

1423 2687 1434 2704 ⁶
1453 2690 1516 2713 Due
1535 2691 1603 2714 anni
1624 2689 1725 2721 quindi
1746 2689 1822 2714 dalla
1841 2690 1976 2722 partenza
1993 2688 2030 2713 da
2047 2688 2159 2714 Milano
2178 2688 2223 2721 (13
2242 2683 2253 2714 ἶ
2284 2695 2285 2698 ’

1336 2732 1485 2757 settembre
1501 2731 1588 2762 1100).
1615 2732 1641 2756 A
1655 2731 1766 2756 Milano
1779 2731 1807 2756 la
1821 2733 1932 2756 notizia
1943 2731 2035 2756 sicura
2049 2730 2124 2756 delle
2135 2731 2225 2756 morte
2249 2765 2251 2767 ι
2280 2723 2286 2749 ·'

1336 2774 1366 2798 di
1384 2774 1522 2799 Anselmo
1541 2774 1565 2798 si
1585 2774 1652 2798 ebbe
1670 2774 1734 2798 solo
1754 2774 1800 2798 nel
1822 2779 1898 2798 1102.

1423 2814 1434 2832 ⁷
1453 2816 1507 2840 Del
1527 2817 1609 2841 beato
1627 2815 1773 2840 Landolso
1793 2816 1828 2840 da
1847 2815 1980 2848 Vergiate
1999 2816 2101 2840 sci-lese
2117 2814 2147 2840 la
2165 2816 2226 2840 vste
2246 2816 2262 2838 s

1336 2859 1358 2883 il
1378 2859 1407 2883 P.
1421 2858 1605 2883 MALABAYLA
1624 2858 1654 2883 in
1673 2858 1742 2883 Acta
1760 2857 1850 2883 Sam.
1865 2858 1945 2890 Junii
1965 2857 2030 2888 VI13
2045 2857 2081 2882 A.
2093 2857 2226 2891 Bmuu,

1337 2902 1367 2924 in
1387 2900 1495 2925 Arch.
1514 2900 1611 2925 Stor.
1631 2899 1678 2924 Lo
1688 2899 1745 2924 mb.
1770 2898 1860 2932 (¹922,
1881 2906 1927 2933 pp.
1953 2896 2082 2932 332-349)
2106 2898 2225 2925 rettlssee
2250 2898 2264 2934 ’χ

1336 2942 1436 2967 alcune
1456 2943 1563 2967 notizie
1577 2941 1696 2966 relative
1710 2942 1736 2966 al
1750 2942 1834 2966 beato
1850 2941 2003 2966 Landolfo.
2028 2940 2139 2965 L'altro
2151 2940 2227 2966 Len·
2241 2957 2259 2974 ⁴³

1338 2984 1420 3009 dolfo
1439 2982 1454 3009 ὲ
1473 2985 1494 3008 il
1514 2984 1557 3009 Da
1577 2984 1702 3016 Badagio
1722 2984 1868 3008 ricordato
1887 2990 1974 3016 sopra
1992 2983 2019 3007 al
2039 2989 2068 3008 n.
2087 2987 2111 3007 ².
2243 2980 2247 2983 ⁷
