2288 3476
0 990 16 1018 [Ι

139 221 146 229 .
165 201 360 235 1120-1128]

87 265 91 269 ’
117 270 143 278 .,.
145 271 965 277 .........................................................................................

616 194 865 232 HISTORIA
891 194 1319 232 MEDIOLANENSIS

1834 195 1881 230 33

98 336 204 371 -epum
228 325 388 360 ellectum
402 325 425 365 ¹,
449 326 601 369 perveni.
647 326 701 359 De
725 326 822 359 cuius
842 325 1000 360 Anselmi
1023 332 1132 360 morte
1156 327 1324 360 nimirum·
1343 326 1444 359 valde
1459 326 1603 369 suspiro,
1619 326 1712 370 quia,
1728 325 1810 359 licet
1825 324 1884 357 ille

144 378 171 411 ‘t
193 378 305 413 mollis
327 384 364 412 et
386 378 497 411 dulcis
526 379 696 422 suspectis
725 380 811 412 meis
832 380 985 424 meisque
1015 380 1224 414 adversariis
1245 386 1279 413 et
1301 380 1371 412 suis
1398 379 1642 423 proditoribus,
1671 385 1786 412 tamen
1809 377 1885 421 ipse

155 432 224 464 fuit
246 442 311 465 ceu
335 430 522 464 Yordanus
545 432 707 471 furiosus,
737 442 803 465 nec
825 433 1004 466 immemor
1026 433 1093 466 mei
1117 443 1182 467 ceu
1205 433 1352 466 Olricus.

1399 433 1438 466 In
1460 433 1521 465 illa
1543 434 1634 466 enim
1658 432 1728 470 die,
1758 432 1795 463 in
1819 442 1886 474 qua

87 481 131 515 ff«
153 485 279 518 tionem
301 485 365 518 iste
387 483 571 518 Anselmus
594 485 916 529 archiepiscopatus
937 487 1099 529 suscepit,
1120 497 1185 530 me,
1200 493 1238 519 ut
1253 497 1426 529 preessem
1442 486 1513 519 suis
1536 485 1734 529 capellanie,
1757 484 1886 528 ellegit.

109 548 220 571 orum
244 538 502 580 capellanorum
527 538 741 578 conscilium,
758 539 823 572 etsi
839 550 910 572 non
924 540 1086 578 omnium,
1101 539 1266 572 alienavit
1287 549 1364 573 eum
1379 550 1399 572 a
1414 551 1469 572 me
1485 539 1560 572 fere
1576 539 1611 571 in
1634 538 1803 577 omnibus,
1819 547 1886 581 que

125 597 315 634 operatus
330 597 390 624 est.
436 591 476 623 In
492 601 534 624 eo
550 593 651 629 enim,
668 591 762 635 quod
785 592 858 635 ipse
873 592 1049 625 festinavit
1071 593 1116 626 ad
1132 593 1382 626 conferendam
1405 602 1526 635 pacem
1550 592 1721 630 Cumanis,
1747 590 1885 634 quando

93 661 109 669 ι’
147 654 180 677 m
203 643 326 677 civitas
349 644 395 677 ad
417 643 663 677 destruendam
687 647 789 687 capta
810 645 912 683 fuit',
935 645 1040 678 michi
1065 646 1192 689 quippe
1215 646 1357 687 placuit.
1404 645 1475 678 Sed
1499 656 1576 678 cum
1598 645 1689 678 idem
1715 643 1888 686 archiepi—

80 687 198 777 Zopus,
219 702 358 730 secutus
372 697 576 730 conscilium
598 698 814 741 quorundam
836 698 1080 740 capelanorum
1098 704 1132 732 et
1147 698 1348 741 primicerii,
1364 698 1458 731 Petri
1475 708 1558 731 vero
1579 697 1797 731 Terdonensi
1813 697 1886 739 epi-

108 749 169 790 ··,i
191 755 313 783 contra
327 749 503 793 publicum
526 750 748 784 interdictum
764 750 848 783 cleri
864 757 899 784 et
914 751 1034 794 populi
1055 750 1327 785 Mediolanensis
1349 751 1496 785 Romam
1521 751 1594 791 ivit,
1616 751 1722 783 michi
1745 750 1883 793 quidem

151 803 251 836 sedit.
296 803 540 836 Verumtamen
564 803 649 846 ipse,
666 814 732 836 ceu
747 804 800 848 vir
814 805 966 847 prudens
980 810 1015 837 et
1036 804 1184 846 sapiens,
1209 815 1285 837 cum
1303 815 1394 848 papa
1416 804 1572 838 Honorio
1595 810 1629 836 et
1653 803 1885 837 cardinalibus

75 862 88 867 ”
100 873 113 882 ·-
144 856 251 889 multa
267 857 423 895 contulit,
440 863 474 890 et
489 857 702 890 conferendo
720 856 973 890 ecclesiasticas
995 858 1264 891 consuetudines
1280 857 1507 891 Ambrosiane
1524 857 1672 890 ecclesie
1687 863 1722 890 et
1737 857 1886 889 honores

77 916 93 921 “
119 934 123 937 -
151 909 488 954 archiepiscopatus'
511 915 547 943 et
569 910 662 943 urbis
684 910 772 944 vivis
794 916 828 944 et
844 910 945 944 bonis
960 911 1152 944 rationibus
1168 911 1339 944 defendit.
1384 911 1488 944 Unde
1505 911 1577 953 ipse
1592 921 1684 954 papa
1707 910 1787 943 huic
1803 921 1885 952 pru-

93 962 154 995 ›·ti
176 963 250 996 viro
273 961 377 996 dixit:
408 965 421 981 “
434 963 556 996 Frater
577 963 762 996 meditatus
775 962 786 980 ⁸
803 969 837 996 et
851 964 1033 1006 episcopus
1056 964 1189 997 venisti.

1235 963 1307 997 Sed
1322 964 1351 996 si
1366 964 1418 997 vis
1433 964 1504 996 frui
1526 964 1730 996 auctoritate
1747 962 1884 995 archie-

66 1015 224 1059 piscopi
245 1015 282 1047 in
303 1016 516 1058 temporibus
539 1016 634 1056 meis,
658 1026 797 1049 necesse
821 1022 873 1049 est
894 1022 931 1049 ut
953 1017 1074 1050 stolam
1098 1016 1264 1060 suscipias
1288 1029 1308 1050 a
1329 1016 1486 1050 manibus
1502 1016 1599 1056 meis,
1622 1023 1680 1049 aut
1701 1016 1790 1049 sicut
1813 1025 1879 1059 ego

72 1065 234 1111 suscepi,
249 1068 295 1101 ad
311 1069 417 1102 altare
432 1069 543 1102 sancti
560 1069 656 1103 Petri
667 1093 697 1112 „.

743 1069 834 1102 Hinc
851 1070 1011 1102 dominus
1025 1069 1091 1102 iste
1107 1069 1381 1103 Mediolanensis
1396 1069 1595 1108 Ribaldum,
1609 1069 1794 1102 Albensem
1811 1069 1884 1111 epi·-

103 1131 210 1164 pum,
232 1122 414 1166 adjuravit,
438 1127 474 1155 ut
495 1122 563 1155 sibi
585 1123 792 1155 consuleret.
837 1122 938 1155 Tunc
961 1122 1144 1156 Robaldus
1160 1122 1219 1155 ille
1234 1122 1395 1155 Albensis
1410 1123 1460 1155 sic
1474 1122 1533 1161 ait,
1557 1123 1651 1166 quod
1672 1122 1770 1165 prius
1785 1122 1882 1154 susti-

3 1163 14 1173 ”
87 1197 96 1202 ι
119 1179 153 1207 et
175 1185 294 1207 nasum
316 1186 414 1207 suum
429 1175 542 1207 scindi
564 1184 672 1218 usque
695 1175 741 1207 ad
764 1175 915 1213 occulos,
939 1176 1033 1217 quod
1058 1176 1158 1208 daret
1172 1175 1238 1208 sibi
1262 1175 1474 1214 conscilium,
1497 1181 1535 1208 ut
1557 1175 1749 1218 susciperet
1771 1175 1883 1208 Rome

5 1254 9 1262 .
63 1244 74 1268 ,³
87 1227 188 1267 olam,
212 1233 248 1260 et
271 1227 420 1260 ecclesie
451 1227 707 1260 Mediolanensi
735 1233 937 1270 prepararet
966 1229 1058 1261 hanc
1088 1238 1210 1261 novam
1242 1234 1276 1261 et
1298 1228 1544 1272 gravissimam,
1574 1239 1676 1271 quam
1705 1228 1880 1261 Honorius

177 1280 316 1314 dicebat
337 1280 404 1313 sibi
434 1281 622 1323 imponere,
653 1291 856 1313 mensuram.
902 1281 1141 1313 Mediolanum
1168 1281 1274 1325 igitur
1296 1273 1361 1314 iste
1384 1281 1568 1314 Anselmus
1599 1281 1883 1324 archiepiscopus

72 1345 128 1366 me
151 1333 252 1366 stolla
273 1333 377 1366 rediit
390 1334 414 1373 ⁴,
438 1339 472 1366 et
495 1333 640 1366 eundem
664 1333 851 1366 Albensem
880 1334 1081 1377 episcopum
1103 1345 1221 1367 secum
1244 1335 1392 1367 reduxit.
1438 1334 1687 1367 Verumtamen
1710 1333 1881 1376 archiepi-

7 1383 8 1389 ’
89 1385 237 1429 opalem'
253 1386 371 1419 sedem
389 1397 457 1419 non
481 1386 650 1425 ascendit,
673 1387 786 1420 donec
810 1386 960 1420 Ubertus
984 1387 1028 1420 de
1050 1387 1273 1431 Meregnano,
1296 1389 1369 1432 ejus
1392 1387 1519 1427 scriba,
1536 1398 1603 1420 non
1624 1387 1761 1431 juravit,
1786 1387 1880 1430 quod

57 1442 127 1479 ⁴{·se
149 1439 306 1472 dominus
329 1450 425 1471 suum
449 1439 632 1472 Anselmus
654 1439 739 1472 nulli
762 1440 986 1473 minuimento
1009 1441 1149 1474 honoris
1173 1441 1318 1473 ecclesie
1341 1440 1612 1474 Mediolanensis
1639 1441 1823 1478 consensit,
1847 1445 1881 1472 et

51 1491 80 1522 ’ῧῖ
104 1491 216 1535 ipsum
238 1491 401 1525 Albensis
417 1492 477 1525 ille
494 1493 677 1535 episcopus
699 1492 880 1526 Robaldus
903 1494 1105 1527 auctoritate
1129 1505 1190 1527 sua
1212 1494 1436 1527 confirmavit.
1481 1493 1615 1526 Deinde
1640 1493 1797 1536 pontifex
1813 1493 1879 1526 iste

93 1545 233 1578 ··lmus
255 1546 373 1578 sedem
397 1552 431 1578 et
455 1546 596 1579 castella
620 1546 942 1589 archiepiscopatus
964 1546 999 1578 in
1022 1547 1244 1590 beneplacito
1266 1547 1351 1580 cleri
1374 1552 1408 1579 et
1430 1546 1549 1590 populi
1574 1547 1791 1589 recuperavit
1804 1546 1826 1579 ⁵.

0 1845 6 1884 ἑ

0 1915 3 1936 Ξ
45 1938 55 1949 ἰι

138 1642 190 1674 53.
215 1661 257 1666 -—
281 1642 475 1684 Anselmus,
497 1643 534 1674 in
558 1642 696 1676 castelis
726 1643 897 1682 habitans,
919 1644 1088 1682 intelexit,
1118 1645 1213 1687 quod
1237 1644 1350 1677 clerus
1373 1649 1408 1676 et
1430 1644 1578 1687 populus
1607 1643 1880 1676 Mediolanensis

62 1695 201 1729 bilem
224 1696 418 1738 principem
441 1695 640 1729 Conradum
664 1706 742 1728 cum
764 1696 1002 1729 ecclesiastica
1025 1707 1151 1740 pompa
1174 1703 1209 1730 et
1225 1697 1318 1730 civili
1341 1697 1526 1740 triumpho,
1551 1697 1780 1730 conveniente
1803 1697 1879 1740 regi

0 1788 2 1796 Ι
59 1748 206 1787 :turali,
234 1748 397 1791 suscepit.
443 1748 529 1781 Cum
559 1754 673 1781 autem
697 1749 809 1781 clerus
839 1754 873 1782 et
895 1749 1043 1792 populus
1073 1750 1164 1782 idem
1187 1750 1232 1783 de
1264 1751 1464 1783 coronando
1487 1760 1570 1793 rege
1601 1750 1676 1792 ipso
1700 1755 1878 1787 tractaret,

60 1802 208 1834 ··ntifex
230 1801 323 1834 idem
346 1801 529 1834 Anselmus
543 1813 564 1834 a
580 1801 699 1835 Leuco
722 1801 903 1835 descendit
919 1803 963 1834 ad
979 1803 1203 1842 Modoefiam,
1219 1803 1278 1846 qui
1295 1809 1347 1836 est
1369 1803 1498 1846 primus
1512 1803 1609 1836 locus
1633 1813 1760 1836 corone
1783 1803 1880 1844 regis

51 1845 178 1887 {talie-

224 1854 346 1898 Ibique
368 1855 584 1897 pernoctavit
608 1861 641 1887 et
657 1855 860 1888 conscilium
884 1856 1054 1889 redeundi
1071 1856 1116 1889 ad
1131 1862 1294 1890 montana
1317 1857 1479 1900 suscepit.
1524 1857 1570 1890 Et
1584 1863 1662 1899 post
1684 1857 1785 1889 trium
1802 1856 1876 1889 die-

98 1923 115 1936 ι·
145 1907 441 1950 interpositionem
465 1908 641 1946 castelum‚
669 1908 763 1951 quod
786 1909 912 1942 dicitur
934 1909 1055 1942 Plebia
1066 1908 1090 1948 ⁶,
1121 1910 1286 1943 ascendit.
1332 1909 1384 1942 Ibi
1406 1910 1522 1952 plures
1544 1919 1646 1942 sonos
1668 1920 1810 1942 sonoros
1833 1910 1876 1942 de

51 1953 248 1995 oronando
270 1971 353 2005 rege
379 1961 540 1994 Conrado
563 1961 701 1994 audivit
746 1962 792 1995 Et
814 1972 893 2005 ego,
915 1972 986 1995 non
1008 1962 1042 1994 in
1065 1963 1305 2002 amaritudine,
1329 1963 1372 1996 ab
1394 1963 1469 2006 ipso
1492 1963 1656 2006 pontifice
1685 1963 1816 2002 audivi,
1838 1969 1875 1995 ut

46 2013 209 2047 &tissime
233 2013 471 2046 Mediolanum
495 2014 640 2053 adirem,
657 2020 692 2047 et
706 2015 873 2047 affectum
895 2015 1021 2048 civium
1045 2017 1195 2048 omnium
1212 2026 1315 2058 super
1337 2016 1534 2061 hujusmodi
1556 2016 1673 2060 regale
1698 2016 1875 2059 negotium

45 2057 114 2100 fibi
135 2068 377 2100 renuntiarem.
422 2067 524 2100 Tunc
549 2066 756 2100 Wilfredus'
780 2067 917 2101 Aboriti
933 2079 952 2101 e
968 2069 1115 2113 armiger
1139 2070 1212 2102 eius
1226 2080 1247 2101 a
1263 2079 1405 2112 vespera
1429 2070 1514 2102 hora
1530 2069 1709 2113 dieiusque
1734 2071 1779 2102 ad
1794 2070 1876 2103 solis

41 2108 63 2147 ¹⁵,
103 2130 161 2152 um
183 2130 318 2153 mecum
342 2126 377 2153 et
398 2130 506 2162 puero
528 2131 605 2154 meo
628 2121 785 2164 requiem
807 2131 876 2154 non
899 2121 1033 2160 habuit3
1049 2123 1112 2155 sed
1127 2123 1172 2155 ad
1195 2122 1445 2165 plenitudinem
1471 2122 1640 2155 contionis
1662 2123 1746 2155 cleri
1764 2129 1798 2155 et
1813 2133 1877 2165 po-

33 2173 131 2211 nuli,
155 2179 382 2206 convocatam
405 2179 440 2206 et
469 2180 715 2218 congregatam
746 2174 948 2214 Mediolani,
979 2177 1077 2218 quasi
1098 2176 1133 2208 in
1164 2176 1250 2208 hora
1278 2176 1379 2208 tertia
1408 2176 1559 2218 perveni.

1606 2175 1676 2208 Ubi
1705 2177 1817 2209 clerus
1840 2182 1876 2208 et

139 2290 163 2317 7.
183 2284 336 2310 XXXVIII.
354 2284 498 2310 Anselmus
516 2292 534 2310 a
551 2284 671 2310 Romano
689 2285 811 2317 pontifice
829 2285 931 2318 respuit
949 2285 1042 2311 stolam
1060 2286 1201 2319 suscipere,
1220 2286 1441 2312 consentientibus
1465 2286 1719 2316 Mediolanensibus,
1744 2294 1777 2312 ne
1795 2288 1876 2311 honor

138 2465 163 2491 3.
182 2457 448 2484 seuHeN—6.
467 2458 693 2491 quoneicodd.;

133 2544 141 2562 ¹
160 2546 297 2571 Anselmo
316 2547 341 2572 V
359 2547 434 2571 della
452 2546 582 2572 Pusterla
601 2547 631 2571 fu
643 2547 730 2573 eletto
744 2549 929 2573 arcivescovo

42 2587 68 2614 11
87 2595 122 2621 30
137 2589 246 2621 glugno
266 2587 349 2619 11263
370 2589 399 2613 fu
418 2589 568 2613 destltuito
593 2588 638 2613 nel
658 2590 784 2615 concilio
809 2590 840 2615 dl
863 2591 929 2615 Pisa

45 2631 90 2656 nel
110 2637 176 2664 1133
195 2638 210 2655 e
228 2629 302 2656 morl
321 2631 352 2656 ln
370 2630 462 2655 Roma
481 2631 502 2655 11
518 2638 550 2663 14
568 2633 669 2664 agosto
686 2631 760 2664 1136.
784 2633 866 2658 Nella
880 2641 929 2658 sua

43 2678 155 2698 assensa
174 2673 208 2697 da
230 2672 340 2698 Milano
366 2674 395 2697 lo
421 2671 535 2697 sostltul
562 2673 582 2697 ll
608 2680 730 2698 vescovo
755 2674 928 2707 suffraganeo

54 2715 175 2740 'chaldo
195 2714 224 2739 di
244 2715 319 2740 Alba
338 2714 384 2747 (cf.
403 2714 504 2746 Savro,
525 2722 551 2747 p⁴
571 2713 645 2747 482).

131 2754 143 2772 ²
160 2755 220 2782 Che
239 2756 267 2781 la
286 2757 462 2782 dlstruzione
481 2757 510 2781 dl
532 2756 622 2782 Como
646 2760 689 2783 sia
714 2760 856 2784 avvenuta
881 2759 927 2784 nel

37 2802 112 2829 11²7
132 2796 177 2829 (27
197 2799 308 2830 agosto)
326 2797 341 2824 ὲ
360 2799 535 2823 confermato
554 2799 642 2824 anche
662 2800 738 2824 dalla
758 2800 866 2826 famosa
888 2801 929 2826 la-

37 2840 110 2875 ·plde
128 2839 276 2873 olglatese.
312 2840 357 2866 Cf.
376 2841 407 2866 E.
425 2839 529 2870 Gaura,
546 2841 588 2866 La
605 2841 742 2867 iscrizione
755 2841 875 2874 olgiaiese
888 2843 930 2868 del

8 2879 120 2914 ·’1127,
147 2882 179 2907 ln
198 2882 308 2907 Arch.
336 2882 432 2908 Stor.
456 2882 588 2916 Lomb.,
614 2891 692 2909 anno
723 2883 798 2916 1906,
824 2884 882 2910 vol.
908 2885 928 2915 Ι,

85 2943 91 2948 .
146 2923 174 2948 6-
196 2930 210 2948 2
230 2941 238 2949 .

43 2929 82 2958 pp
114 2930 140 2981 ιζ
159 2931 232 2991 011οὲ
249 2966 302 2990 ben
323 2966 433 2992 fornlto
451 2967 480 2991 di
495 2967 619 2999 regioni,
633 2968 790 3000 interprete
802 2967 825 2993 ll
837 2967 929 2994 Sassx.

172 3081 205 3108 T.
224 3081 257 3114 V,
276 3089 303 3115 p.
322 3088 361 3107 m
378 3095 409 3100 —
428 3088 455 3115 3.

38 2326 292 2359 ῃενι-Ιιιἐῥίεοοίκιειις
310 2327 448 2352 minuatur
467 2340 499 2346 —
519 2332 561 2358 25.
579 2327 705 2353 XXXIX.
723 2327 868 2353 Anselmus
885 2328 1098 2362 archiepiscopus
1116 2329 1269 2354 Conradum
1293 2329 1476 2361 imperatorem
1500 2331 1613 2361 coronat,
1637 2337 1713 2362 quem
1736 2329 1874 2354 Honorius

32 2370 126 2407 ¹„papa
143 2368 239 2401 rejecit.
278 2369 354 2394 Unde
371 2368 516 2394 Anselmus
533 2369 610 2401 jussu
628 2372 698 2402 pape
715 2370 956 2396 excommunicatur

712 2458 734 2484 il
751 2459 848 2485 sz'rz
865 2459 994 2493 consiglia
1012 2461 1088 2494 quod
1108 2474 1141 2480 ——
1163 2466 1202 2493 15.
1215 2459 1380 2494 Rlbaldum]
1393 2461 1551 2486 Robaldum
1564 2461 1603 2490 R;
1617 2460 1669 2486 cosi
1682 2463 1748 2493 pure
1759 2459 1787 2486 al
1798 2468 1825 2486 n.
1838 2460 1872 2485 60

1071 2548 1083 2564 ⁴
1102 2549 1147 2574 Cf.
1166 2549 1332 2580 Pmucuu,
1350 2549 1427 2574 Mon.
1446 2549 1511 2574 Bas.
1529 2549 1631 2580 Ambra,
1651 2557 1679 2574 n.
1698 2548 1758 2582 338.

1069 2590 1080 2606 ⁵
1098 2591 1219 2616 Intorno
1239 2593 1264 2616 ai
1285 2592 1409 2624 possessi
1428 2592 1716 2617 dell’arcivescovado
1738 2591 1872 2616 milanese

983 2634 1046 2658 vedi
1067 2633 1148 2658 Sassx
1169 2633 1382 2666 neu’Appendix
1400 2634 1435 2658 ad
1452 2633 1661 2658 dissertationem
1680 2633 1715 2658 ad
1732 2633 1872 2658 vindican-

981 2674 1043 2700 dam
1061 2674 1217 2700 Mediolano
1235 2674 1284 2700 SS.
1307 2677 1445 2707 corporum
1464 2675 1574 2700 Gervasi
1591 2677 1615 2700 et
1639 2674 1745 2700 Protasi
1770 2677 1870 2707 posses-

981 2716 1082 2742 sionem
1101 2716 1232 2750 (Mssano,
1257 2716 1335 2749 1708)
1361 2718 1389 2742 al
1416 2725 1443 2743 n.
1470 2724 1512 2751 ²9·
1549 2717 1594 2742 Cf.
1620 2718 1707 2742 anche
1732 2717 1815 2742 l’atto
1841 2717 1869 2741 di

982 2760 1146 2784 scomunica
1164 2759 1413 2784 dell’arcivescovo
1432 2759 1558 2784 Cassone
1577 2759 1653 2784 della
1666 2758 1755 2784 Torre
1768 2760 1871 2783 contro

982 2801 1090 2826 Matteo
1109 2802 1249 2833 Vlsconti,
1272 2804 1439 2835 usurpatore
1464 2803 1537 2827 delle
1563 2803 1635 2826 terre
1660 2801 1870 2830 arelvescovlll,

982 2843 1126 2876 riportato
1140 2844 1175 2868 da
1194 2845 1391 2869 Baarmnmuo
1406 2844 1503 2869 Como
1523 2844 1599 2868 nella
1614 2843 1702 2869 Storia
1714 2843 1742 2867 di
1760 2842 1869 2868 Milano

982 2885 1112 2913 all'anno
1133 2893 1210 2919 13¹4*

1946 334 2021 358 Mun..
2036 340 2075 360 509

1948 919 2024 943 Mun..
2041 923 2079 943 sm

1974 1403 1994 1420 c.
2010 1403 2056 1422 ριν

1939 2079 2014 2104 Mun„
2030 2086 2052 2105 ⁵¹
2059 2086 2067 2100 1

1899 2723 1933 2741 20

1070 2926 1081 2943 θ
1100 2927 1175 2961 Oggl
1196 2928 1315 2953 Brebbla
1333 2927 1422 2962 (nella
1441 2930 1523 2961 pieve
1542 2929 1571 2953 di
1596 2927 1744 2962 BesozzoJ,
1770 2928 1869 2957 vicino
1897 2936 1929 2963 ²5

983 2969 1010 2995 sl
1029 2970 1108 3002 Lago
1127 2970 1275 3003 Magg10re
1293 2970 1458 3002 (Verbano).
