2288 3476
809 208 1111 246 PREFAZION
1112 210 1146 245 E
1762 205 1897 242 XXIX

55 336 93 373 di
122 337 330 382 Donizone,
359 337 507 382 copiato
537 348 608 372 con
636 341 737 372 tanto
764 346 864 382 poco
891 335 991 371 buon
1019 346 1139 380 senSO,
1169 333 1215 369 da
1244 333 1459 370 trascrivere
1493 333 1640 379 persino
1677 331 1901 378 l'Jncipiunt

3 395 221 449 ‘capitula
249 402 338 438 libri
362 402 513 438 secundi
537 415 558 438 e
585 402 841 438 ricominciare
869 402 903 437 la
931 402 1203 446 numerazione,
1222 406 1363 437 mentre
1383 399 1441 436 nel
1461 404 1557 436 testo
1577 405 1703 447 questa
1723 398 1901 434 divisione

4 506 10 516 ,,
38 470 94 521 ,in
120 469 270 516 capitoli
298 481 373 505 non
401 471 420 504 ὲ
448 474 563 516 punto
590 474 815 504 mantenuta.

4 520 10 525 „
44 533 45 536 ’
145 535 174 572 11
203 541 385 572 carattere
415 535 450 570 di
480 540 608 584 questa
637 535 811 582 Epitome
841 536 861 570 ὲ
890 535 927 570 di
955 547 1074 571 essere
1103 547 1152 570 un
1179 534 1396 581 grossolano
1423 533 1601 569 riassunto
1638 532 1675 568 di
1703 533 1899 567 Donizone

30 595 125 642 eche
153 615 218 650 per
246 608 382 649 quanto
411 602 629 651 pedissequo
658 614 731 637 non
759 601 907 638 esclude
927 602 1042 638 molte
1071 606 1188 637 errate
1206 600 1522 648 interpretazioni:
1545 600 1579 635 vi
1600 611 1690 635 sono
1710 599 1772 647 poi
1802 598 1898 635 delle

10 669 176 718 glosse
205 668 433 715 esplicative,
462 668 558 704 delle
586 669 760 715 aggiunte
798 681 818 703 e
855 668 1115 713 osservazioni,
1146 668 1211 703 che
1248 678 1342 703 sono
1378 672 1471 702 state
1510 665 1570 701 dal
1607 678 1720 701 rozzo
1758 666 1900 712 copista

11 735 201 772 rinserite
231 735 289 769 nel
318 740 413 770 testo
442 747 462 769 e
490 735 637 781 copiate
664 736 701 769 in
729 746 833 770 rosso
861 746 969 769 come
1005 745 1093 769 vere
1121 733 1304 768 rubriche.
1359 733 1501 773 Questo
1530 734 1565 768 ci
1591 733 1795 780 garantisce
1834 733 1901 768 che

12 799 259 839 dobbiamo
288 813 408 838 essere
436 802 473 837 in
509 811 684 848 presenza
712 800 749 836 di
778 811 849 836 una
885 800 1004 847 copia,
1035 812 1055 835 e
1085 811 1127 835 ce
1156 799 1194 835 lo
1227 800 1463 835 confermano
1500 799 1663 835 oltreche
1693 804 1819 847 queste
1849 799 1901 834 in-

20 868 211 919 :snserzioni
240 867 276 902 di
305 875 392 903 note
421 879 441 902 e
469 867 602 914 glosse‚
631 867 666 903 le
695 867 990 902 numerosissime
1019 867 1225 902 correzioni
1253 867 1289 901 di
1328 866 1454 913 parole
1492 878 1512 901 e
1540 866 1624 901 frasi
1657 877 1765 901 senza
1793 878 1900 902 senso

27 925 140 986 'ssffltte
169 933 215 970 da
245 947 291 970 un
318 935 493 980 revisore,
522 934 642 970 talora
661 945 682 968 a
708 931 964 981 sproposito¹:
986 934 1061 968 cosi
1092 935 1126 970 ci
1153 933 1383 981 spieghiamo
1413 945 1522 968 come
1542 938 1668 982 questa
1687 933 1776 968 Vita
1794 945 1901 979 possa

18 1006 255 1038 contenere
284 1013 332 1036 un
359 1001 447 1037 dato
476 1002 552 1036 cosi
581 999 688 1036 tardo
717 1012 825 1036 come
853 1000 976 1049 quello
1004 999 1064 1036 del
1099 999 1194 1036 1308
1225 999 1484 1044 surricordato,
1513 1004 1654 1034 mentre
1673 999 1709 1034 la
1728 1011 1902 1034 rozzezza

14 1053 153 1106 dello
181 1067 263 1104 stile
292 1067 326 1103 fa
354 1078 507 1114 pensare
537 1079 557 1102 a
586 1067 712 1102 un'eta
739 1067 802 1113 piu
829 1067 962 1103 antica.

143 1135 248 1171 Ecco
276 1146 346 1170 una
375 1134 486 1170 breve
515 1134 640 1169 analisi
670 1146 690 1170 e
719 1133 839 1169 alcuni
868 1133 962 1180 passi
991 1132 1049 1169 del
1078 1139 1175 1170 testo
1189 1131 1214 1170 ².

29 1247 32 1251 κ
142 1202 166 1237 f.
198 1199 245 1240 77
261 1212 294 1236 r.
350 1201 495 1247 Incipit
511 1200 672 1247 hystoria
689 1202 810 1236 sancte
837 1200 1006 1236 memorie
1032 1199 1228 1236 ducatricis
1246 1202 1281 1235 et
1297 1199 1472 1235 comitisse
1499 1199 1674 1235 Matildis
1691 1202 1726 1235 et
1741 1200 1906 1236 omnium

16 1253 203 1331 Rsuorum
223 1267 530 1315 predecessorum.

22 1359 43 1391 ².
142 1335 263 1371 Viene
291 1335 352 1381 poi
381 1333 405 1368 il
433 1334 612 1370 riassunto
640 1333 700 1370 del
728 1339 854 1370 tesoro
882 1335 1056 1370 mandato
1085 1346 1106 1370 a
1135 1334 1269 1378 Roma,
1298 1333 1323 1368 il
1352 1334 1420 1369 che
1450 1345 1566 1380 prova
1595 1334 1662 1370 che
1691 1334 1750 1369 nel
1771 1334 1902 1369 codice

141 1599 235 1637 Item
262 1600 463 1637 notandum
491 1600 592 1648 quod
613 1601 728 1636 dictus
755 1601 923 1637 dominus
948 1604 1050 1648 papa
1075 1600 1280 1648 Gregorius
1294 1600 1560 1650 privilligzum
1579 1599 1627 1650 (J)
1646 1601 1780 1636 exemit
1796 1601 1902 1636 eccle-

54 1667 151 1705 siam
170 1667 399 1704 Canusinam
413 1667 454 1702 in
471 1679 542 1714 quo
561 1668 812 1704 excomunicat
826 1679 947 1704 omnes
964 1667 1032 1715 qui
1048 1667 1139 1703 bona
1158 1667 1248 1703 dicte
1265 1667 1413 1704 ecclesie
1438 1669 1659 1716 auferentur
1676 1668 1772 1703 malo
1786 1668 1901 1705 modo.

28 1764 51 1778 1„
144 1733 342 1780 Incipiunt
358 1734 482 1781 primi
508 1734 668 1780 capituli
685 1732 744 1783 (1).
801 1734 922 1781 Segue
951 1734 1099 1770 l'indice
1119 1746 1244 1782 presso
1263 1746 1284 1769 a
1303 1746 1401 1781 poco
1421 1746 1529 1770 corne
1549 1734 1671 1783 quello
1691 1735 1749 1770 del
1769 1747 1903 1781 poema

22 1792 125 1853 ‘che
152 1801 199 1837 da
225 1803 315 1849 pero
343 1800 424 1837 solo
456 1802 501 1837 19
531 1813 636 1848 capp.
666 1801 700 1837 al
727 1801 773 1837 L.
801 1802 838 1847 I;
867 1801 990 1849 quello
1019 1801 1077 1836 del
1106 1801 1284 1846 secondo,
1315 1801 1416 1849 dopo
1445 1814 1493 1837 un
1521 1801 1714 1848 Incipiunt
1740 1802 1904 1848 capitula

14 1863 149 1905 'libri
171 1867 330 1908 secundi,
362 1870 382 1903 ὲ
410 1867 491 1904 solo
517 1868 700 1916 sbagliato
727 1868 824 1905 nella
852 1870 1112 1905 numerazione
1141 1880 1162 1904 a
1189 1869 1324 1916 partire
1354 1868 1412 1904 dal
1441 1881 1476 1904 n.
1507 1869 1571 1905 VI.

14 1931 51 1974 Ξ
147 1936 196 1972 Vi
224 1936 245 1971 ὲ
273 1936 338 1982 poi
367 1934 401 1970 la
428 1940 527 1982 nota,
556 1935 617 1983 gia
644 1936 833 1982 riportata,
864 1935 931 1972 che
966 1935 992 1970 il
1029 1935 1237 1971 Bethmann
1264 1947 1370 1982 prese
1399 1948 1507 1971 come
1535 1936 1647 1971 inizio
1676 1936 1710 1971 di
1750 1935 1904 1972 un’altra

16 1996 144 2066 Ὶέῑέἤνίῐα,
173 2002 236 2048 poi
265 2002 372 2038 viene
402 2001 428 2036 il
456 2002 635 2038 riassunto
663 2001 723 2038 del
752 2002 872 2049 primo
900 2002 1073 2049 prologo.

16 2062 58 2086 »Ν

33 2086 52 2109 '5'

28 2112 61 2148 ἶ
699 2116 745 2148 In
767 2116 917 2160 prologo
938 2127 998 2149 suo
1021 2117 1071 2149 sic
1095 2116 1265 2160 procedit.

31 2190 55 2240 ἔ
145 2194 263 2229 Primo
287 2195 374 2228 dicit
396 2196 491 2238 quod
513 2201 592 2229 acta
615 2200 649 2228 et
673 2201 772 2239 gesta
794 2206 1026 2234 romanorum,
1051 2197 1253 2229 francorum
1277 2202 1312 2229 et
1334 2196 1520 2229 multorum
1544 2196 1688 2229 aliorum
1711 2202 1781 2229 tam
1798 2196 1907 2229 bono-

31 2246 47 2277 17‘
59 2257 134 2281 rum
157 2259 259 2292 quam
282 2248 448 2281 malorum
472 2249 698 2281 inveniuntur
713 2259 788 2281 esse
806 2249 1014 2291 conscripta,
1031 2259 1099 2292 qua
1114 2255 1258 2291 propter
1274 2250 1347 2292 ipse
1363 2249 1512 2282 intendit
1536 2250 1680 2283 metrice
1704 2250 1905 2283 describere

33 2296 267 2346 ‘principium
290 2302 441 2334 medium
465 2308 500 2334 et
522 2302 627 2334 finem
651 2308 685 2334 et
714 2302 933 2344 probitatem,
964 2302 1120 2335 civitates
1144 2308 1179 2334 et
1201 2303 1367 2341 iusticias,
1392 2303 1592 2346 dignitates,
1623 2303 1907 2346 magnificentias,

31 2345 387 2406 fffimagnanimitatem‚
411 2353 550 2388 divitias
572 2355 874 2388 nobillissimorum
899 2355 1135 2387 marchionum
1160 2354 1333 2388 Comitum
1357 2367 1377 2388 a
1400 2356 1524 2399 quibus
1554 2356 1773 2400 originaliter
1802 2356 1908 2389 traxit

38 2402 174 2443 {isox-tum
195 2408 257 2441 illa
281 2408 503 2441 Nobilissima
525 2409 699 2441 comitissa
721 2407 914 2450 Ma[tildis]‚
939 2419 1041 2451 quam
1065 2409 1304 2451 multipliciter
1327 2410 1550 2443 commendat
1565 2411 1609 2442 de
1627 2409 1785 2442 omnibus
1801 2410 1908 2443 virtu-

36 2455 152 2507 {tibus
171 2466 243 2494 tam
265 2461 407 2500 divinis,
431 2461 568 2494 scilicet
590 2462 671 2501 fide,
695 2472 756 2504 spe
781 2467 816 2494 et
839 2462 994 2500 caritate,
1025 2472 1128 2504 quam
1158 2462 1355 2501 moralibus,
1387 2462 1499 2496 silicet
1529 2463 1728 2505 prudentia,
1755 2462 1904 2501 iusticia,

39 2506 274 2560 {ssffiorfitudinffi
297 2514 535 2556 temperantia,
557 2514 854 2556 magnanimitate,
877 2513 1145 2557 magnificentia,
1168 2515 1298 2557 pietate
1315 2520 1349 2547 et
1366 2515 1493 2547 ceteris
1508 2515 1705 2555 virtutibus,
1721 2515 1813 2548 unde
1830 2514 1905 2558 ipse

36 2556 58 2610 ’ἰῖΞ
63 2565 241 2600 concludit
249 2577 257 2598 τ

20 2621 55 2663 '2³
149 2619 219 2652 Ista
241 2619 326 2664 legit
347 2625 438 2653 totas
460 2619 641 2662 probitatis
664 2620 738 2653 iure
763 2630 921 2653 coronaS.

35 2669 69 2731 ξ
80 2701 86 2708 ,
149 2671 254 2705 Unde
276 2673 351 2715 ipse
374 2672 463 2705 dicit
485 2672 579 2715 quod
601 2679 744 2715 propter
766 2673 849 2706 istas
872 2683 992 2706 omnes
1015 2674 1160 2706 virtutes
1182 2674 1245 2707 sibi
1270 2674 1419 2707 debetur
1441 2675 1578 2707 fructus
1600 2674 1822 2707 centesimum
1848 2675 1908 2718 qui

0 2811 1 2814 Ἴ
35 2770 63 2822 5¹}
152 2782 162 2800 ¹
180 2784 278 2809 Error-i
298 2784 442 2809 materIali
465 2784 508 2808 del
529 2784 639 2816 coplsta
660 2791 731 2808 sono
751 2785 839 2809 molte
858 2785 956 2817 parole
1012 2783 1171 2810 “ecelesias
1191 2787 1266 2810 sicut
1284 2786 1370 2810 hodie
1389 2787 1552 2811 venduntur
1577 2787 1730 2811 animaliaz
1756 2788 1780 2812 Α
1799 2788 1907 2818 abipsa

43 2823 201 2863 fi‘itorplate
226 2827 347 2859 (finenem
373 2828 586 2860 m'detollagiono
611 2835 670 2860 cap.
696 2826 742 2859 X),
761 2835 805 2852 ma
826 2828 958 2861 peggiorl
1014 2827 1091 2860 “ghe
1110 2829 1145 2852 da
1164 2828 1190 2852 si
1206 2828 1245 2853 I‘a
1255 2846 1269 2859 η
1292 2836 1354 2861 cap.
1373 2829 1446 2858 VIII,
1466 2829 1488 2854 f.
1507 2828 1539 2861 83
1551 2838 1577 2854 v.

42 2865 140 2895 ἰὲξτιοῃο
159 2872 234 2895 certe
251 2870 411 2895 correzioni
429 2870 548 2894 balorde
566 2870 600 2894 ad
620 2877 657 2895 es.
677 2870 724 2894 nel
738 2877 798 2902 cap.
818 2870 830 2894 I
849 2870 920 2895 dove
933 2870 958 2895 sl
1100 2868 1111 2885 ²
1131 2869 1245 2901 Stampo
1266 2872 1296 2894 in
1311 2872 1423 2896 corsivo
1438 2871 1463 2895 le
1483 2872 1558 2904 parti
1579 2871 1624 2895 del
1637 2873 1712 2896 testo
1732 2872 1782 2896 che
1801 2872 1846 2896 nel
1861 2880 1906 2896 co-

0 2943 4 2948 .
38 2893 144 2949 fistula
162 2912 206 2936 del
226 2915 307 2937 cauta
324 2919 340 2936 e
359 2921 417 2937 mux
435 2913 528 2945 (gatto
548 2919 562 2936 e
581 2911 664 2944 topo)
683 2912 708 2936 si
726 2919 852 2936 cori-esse
867 2912 887 2936 il
901 2921 959 2936 mux
1012 2912 1073 2936 dice
1093 2919 1165 2937 sono
1184 2913 1215 2937 in
1235 2919 1330 2937 rosso:
1351 2913 1388 2938 ho
1409 2920 1498 2937 messo
1518 2914 1526 2937 i
1547 2913 1577 2944 (1)
1598 2914 1660 2938 solo
1680 2914 1710 2938 in
1731 2914 1826 2939 alcuni
1847 2916 1905 2939 casl

43 2945 97 2990 flu
117 2962 175 2979 nux.
212 2953 333 2979 Curiosa
351 2953 366 2979 ὲ
385 2961 442 2979 una
462 2956 541 2984 nota,
559 2956 674 2987 passata
693 2954 738 2978 nel
758 2955 842 2983 testo,
868 2954 918 2978 che
944 2961 958 2978 a
1012 2961 1026 2978 e
1046 2961 1103 2977 non
1124 2954 1309 2986 dappertutto
1329 2955 1402 2979 dove
1421 2955 1451 2978 vi
1464 2962 1550 2979 erano
1571 2955 1669 2984 errori,
1695 2954 1802 2980 bench&
1821 2963 1906 2988 possa

37 2985 216 3034 *fproposito
235 2996 280 3021 del
307 2996 410 3021 vender
430 2996 456 3020 le
476 2996 576 3025 chiese,
596 2997 755 3020 commenta
775 2996 959 3020 “vendebant
1013 2996 1169 3020 assicurare
1189 2995 1394 3021 dell’esattezza
1412 2996 1458 3021 del
1477 2998 1559 3021 testo.

1937 2920 1969 2938 10
