2288 3476
175 263 210 288 ιι
218 262 366 295 10-1111]
629 254 879 291 HISTORIA
907 254 1336 291 MEDIOLANENSIS
1852 254 1893 294 17

54 386 57 440 j
99 387 149 422 ia.
169 387 206 419 in
221 387 297 430 ipso
312 397 429 419 mense
452 392 680 429 susceperunt
702 386 909 430 triumphum
925 388 968 420 de
986 387 1286 426 Cremonensibus,
1309 386 1408 421 victis
1424 392 1457 419 et
1473 386 1641 429 superatis
1662 386 1755 428 apud
1778 385 1901 418 Brixa-

68 450 69 453 *
96 457 108 486 ,⁸
137 439 159 472 'i
182 439 374 482 campum¹.

157 537 209 569 26.
235 557 275 563 —
299 536 448 581 Cognito
471 538 539 569 hoc
563 537 735 580 triumpho
758 548 820 579 per
843 548 948 581 regna
970 548 1031 570 rex
1053 537 1258 570 fortissimus
1281 538 1451 570 Henricus
1474 547 1551 570 cum
1582 537 1716 580 ingenti
1746 537 1901 570 exercitu

53 617 55 636 ,.
93 590 161 624 nit
176 590 340 630 Ytaliam,
356 596 460 632 atque
477 591 588 623 Rome
601 590 613 608 ²
628 590 664 622 in
682 591 831 623 ecclesia
846 591 957 623 sancti
979 591 1076 623 Petri
1092 591 1308 624 discaltiatus
1331 592 1425 624 stetit
1447 597 1526 624 ante
1542 591 1745 623 Paschalem
1762 601 1898 633 papam,

53 638 54 649 ³
97 639 129 674 stt·
144 649 255 675 ctans
280 652 443 676 coronam
467 644 660 685 inperandi,
685 644 973 686 quemadmodum
996 644 1199 686 promissum
1224 644 1339 676 fuerat
1361 643 1437 676 sibi.
1483 644 1554 676 Sed
1571 644 1651 686 quia
1667 643 1776 686 ipsam
1801 653 1900 676 coro-

97 735 103 737 ,
120 711 138 724 n
169 695 234 728 sibi
256 696 340 728 dare
364 695 519 728 distulit³
542 696 616 739 ipse
639 707 741 739 papa,
764 697 870 739 ipsius
886 697 976 740 regis
992 698 1076 729 iram
1092 696 1225 737 sensit,'
1241 703 1275 729 et
1291 707 1327 729 se
1342 707 1489 740 suosque
1513 696 1721 735 cardinales,
1738 706 1807 739 quo
1830 706 1900 729 non

95 744 124 766 ‘-
153 749 234 782 ebat
257 749 330 781 sive
354 746 529 788 nolebant,
553 749 634 782 duci
657 750 756 782 vidit.
802 750 894 783 Hinc
916 756 1048 793 strages
1070 750 1177 782 multa
1200 750 1335 782 crevit⁴
1360 750 1594 782 Romanorum
1619 759 1767 793 namque
1790 749 1900 788 turba,

100 839 105 842 ‚
126 812 223 834 suum
246 812 371 844 papam
394 813 540 845 suosque
565 803 758 834 cardinales
780 802 956 841 liberaret,
979 808 1112 835 armata
1135 803 1281 835 cucurit.
1328 803 1373 835 Et
1395 813 1487 845 papa
1510 812 1589 834 cum
1612 801 1843 835 cardinalibus
1864 802 1900 833 in

89 856 93 862 ”
116 855 227 897 todia
249 855 544 888 Teothonieorum
567 855 669 894 datis,
693 865 755 888 rex
779 856 993 889 discaltiatus
1013 856 1048 887 in
1073 856 1195 888 atrium
1219 855 1369 889 ecclesie
1393 856 1502 888 sancti
1525 855 1617 888 Petri
1649 856 1754 893 venit,
1783 855 1900 899 ibique

92 918 193 952 ,ιιιιιιι
216 908 467 941 ferocissimum
490 908 658 948 ascendit,
682 915 715 941 et
737 915 774 941 ut
796 914 871 941 erat
893 909 993 941 nudis
1014 909 1174 951 pedibus,
1197 909 1233 940 in
1256 910 1332 951 ipso
1356 909 1486 951 impetu
1508 908 1558 941 ibi
1589 909 1786 951 equitando,
1809 909 1902 951 ipsos

87 971 276 994 rmoreos
298 962 427 1005 gradus
449 962 598 995 ecclesie
621 962 731 994 sancti
755 962 848 995 Petri
881 961 1064 995 descendit
1094 968 1139 1001 et,
1170 968 1273 1004 prout
1296 962 1341 995 ad
1370 973 1469 994 aures
1499 972 1594 994 meas
1624 962 1792 1004 pervenit,
1823 972 1901 994 cum

86 1021 88 1024 ’
110 1024 190 1047 ·cea
211 1025 281 1047 una
304 1014 455 1058 quinque
478 1016 522 1047 de
545 1015 713 1048 Romanis
736 1016 879 1048 occidit.
925 1015 1007 1048 Otto
1032 1020 1147 1048 autem
1170 1015 1427 1048 Mediolanensi
1449 1015 1646 1048 vicecomes
1678 1025 1753 1047 cum
1785 1015 1901 1048 multis

120 1067 315 1101 natoribus
347 1068 501 1100 eiusdem
525 1068 616 1111 regis
639 1067 674 1100 in
698 1068 773 1110 ipsa
796 1073 911 1111 strage
943 1068 1057 1100 coruit
1078 1068 1115 1100 in
1138 1074 1295 1106 mortem,
1326 1067 1572 1099 amarissimam
1604 1068 1799 1101 hominibus
1823 1067 1899 1100 dili-

97 1121 226 1154 tibus
250 1121 425 1154 civitatem
447 1122 764 1155 Mediolanensium
788 1128 822 1154 et
846 1122 1041 1155 ecclesiam.
1086 1122 1158 1154 Sed
1180 1122 1279 1164 regia
1302 1121 1450 1154 facultas
1474 1127 1509 1154 et
1531 1121 1638 1153 multa
1661 1122 1900 1166 religiosorum

81 1204 92 1217 ,.
109 1174 262 1217 'ncipum
285 1174 484 1217 prudentia'
508 1176 554 1207 ita
576 1175 716 1217 placide
732 1180 767 1209 et
782 1175 931 1218 benigne
954 1176 1042 1207 hanc
1067 1174 1359 1217 perturbationem
1375 1175 1528 1217 placavit
1544 1175 1636 1217 quod
1659 1175 1768 1208 altera
1791 1175 1847 1208 die
1862 1175 1898 1207 in

85 1237 145 1264 :co
167 1233 299 1265 sancto,
323 1227 462 1260 scilicet
483 1228 519 1259 in
541 1227 691 1260 ecclesia
714 1227 826 1259 sancti
850 1226 959 1266 Petri,
980 1226 1083 1270 ydem
1107 1227 1263 1259 Pascalis
1278 1237 1369 1269 papa
1385 1226 1557 1258 secundus
1573 1237 1651 1258 cum
1668 1226 1899 1259 cardinalibus

87 1296 92 1312 ,ι
124 1280 299 1322 episcopis
323 1281 517 1324 ceterisque
541 1279 623 1312 viris
644 1281 680 1312 in
704 1279 908 1323 religionem
932 1279 1067 1317 habitis,
1091 1280 1201 1321 ipsum
1224 1289 1344 1322 regem
1359 1279 1549 1311 Henricum
1565 1279 1788 1322 solempniter
1804 1290 1902 1312 coro—

183 1339 219 1366 et
241 1333 276 1365 in
298 1333 542 1376 imperatorem
567 1333 743 1370 exaltavit,
769 1338 803 1365 et
827 1343 904 1364 cum
926 1332 1003 1375 ipso
1027 1333 1178 1366 exaltato
1202 1338 1238 1366 et
1260 1332 1448 1366 benedicto
1478 1343 1604 1375 corpus
1634 1338 1669 1365 et
1699 1333 1901 1376 sanguinem

77 1381 100 1429 '4⁴
122 1387 197 1419 risti
219 1386 265 1419 ad
287 1386 396 1419 altare
418 1387 528 1418 sancti
552 1386 644 1419 Petri
671 1386 902 1419 comunicavit
916 1386 937 1418 ⁵.

158 1483 211 1519 27.
236 1501 275 1507 —
300 1483 436 1517 Deinde
459 1484 553 1517 idem
575 1484 763 1526 imperator
785 1485 820 1515 in
845 1483 1065 1516 Germaniam
1088 1484 1268 1516 festinavit
1281 1483 1307 1522 ⁶3
1330 1484 1390 1516 ubi
1413 1483 1470 1515 vix
1485 1483 1636 1527 requiem
1653 1484 1757 1516 ullam
1773 1484 1902 1517 habuit.

65 1525 159 1584 {tuin
184 1548 263 1571 cum
285 1537 319 1569 in
342 1537 592 1580 promuntorio,
617 1538 711 1580 quod
733 1546 834 1569 secus
857 1536 1093 1569 Guarmatiam
1117 1537 1271 1569 continet
1292 1535 1476 1576 abatiam&
1507 1537 1581 1579 ipse
1613 1537 1800 1579 imperator
1830 1543 1902 1569 tor-

7 1611 22 1624 .Η
66 1605 106 1647 ,τι
101 1596 231 1624 eretur
253 1590 460 1623 acutissimis
485 1589 651 1628 febribus,
676 1590 904 1628 Guarmafini,
927 1590 987 1633 qui
1010 1590 1119 1632 magis
1143 1590 1186 1622 de
1201 1596 1313 1622 morte
1337 1601 1440 1632 quam
1464 1590 1508 1622 de
1524 1590 1596 1622 eius
1619 1590 1690 1623 vita
1705 1590 1902 1632 sperabant,

65 1649 106 1681 t
127 1643 262 1687 regalia
283 1643 348 1676 sibi
371 1643 601 1681 vindicarent,
624 1644 746 1675 armati
769 1643 926 1675 exierunt
949 1649 984 1675 et
1007 1643 1259 1675 conclamando
1283 1643 1328 1675 ad
1343 1643 1454 1685 ipsum
1471 1648 1626 1675 montem
1641 1643 1899 1686 appropinqua-

155 1702 204 1729 nt.
251 1695 359 1735 Quod
383 1707 462 1729 cum
484 1696 559 1738 ipse
583 1696 681 1738 quasi
705 1696 853 1728 moriens
875 1695 1059 1738 persensit,
1082 1695 1147 1727 sub
1169 1701 1292 1728 tenore
1315 1696 1426 1728 iurate
1449 1696 1626 1728 fidelitatis
1649 1697 1901 1729 circumstanti-

9 1774 16 1785 ..
118 1764 125 1778 ;
153 1750 219 1782 sibi
242 1749 404 1782 ministris
426 1750 595 1792 precepit,
625 1754 662 1781 ut
691 1759 728 1781 se
753 1759 772 1781 a
803 1748 892 1781 lecto
922 1749 1099 1792 erigerent
1130 1755 1164 1781 et
1195 1750 1349 1781 levarent
1379 1748 1501 1792 atque'
1533 1749 1719 1782 induerent
1743 1755 1777 1782 et
1799 1760 1902 1791 super

1 2362 3 2374 ι
17 2348 26 2372 J

9 2399 12 2406 ,
70 2406 86 2423 ,,,,
116 2366 212 2390 mnus

2 2415 9 2428 ⁸1
21 2422 24 2424 Δ
67 2423 86 2450 ,ζ

1 2453 16 2484 f

16 1833 17 1837 ,
96 1813 192 1835 -uum
215 1808 386 1845 ponerent
408 1807 512 1846 atque
535 1807 720 1837 armarent.
767 1801 842 1833 Hiis
865 1801 1026 1844 peractis,
1048 1800 1152 1834 sudor
1175 1802 1219 1834 ab
1241 1802 1327 1843 ipso,
1358 1811 1424 1834 ceu
1447 1812 1536 1845 aqua
1567 1803 1611 1835 de
1642 1803 1751 1840 fonte,
1782 1802 1901 1840 exivit;

69 1858 93 1891 ‘f‘
125 1855 271 1899 stipatus
293 1866 313 1888 a
335 1855 467 1898 paucis,
492 1855 724 1888 Guarmatinis
739 1854 862 1887 obvius
877 1854 956 1894 fuit,
973 1860 1074 1897 atque
1097 1854 1132 1886 in
1155 1855 1268 1897 primo
1285 1865 1474 1898 congressu
1491 1855 1790 1888 Guarmatinorum
1807 1856 1903 1888 vexi-

68 1914 97 1954 ᾗ)
111 1918 208 1942 erum
230 1908 267 1941 in
291 1914 434 1941 mortem
457 1908 618 1950 proiecit,
641 1909 822 1950 ipsamque
846 1907 1024 1940 civitatem
1046 1908 1082 1938 in
1107 1917 1166 1939 ore
1188 1907 1296 1950 gladii
1320 1914 1355 1940 et
1377 1908 1618 1941 combustione
1642 1909 1732 1952 ignis
1762 1909 1902 1942 delevit.

9 1985 12 1998 ‚
44 1948 45 1990 J
68 1962 166 2011 fliam
188 1967 320 1994 tantam
342 1961 477 1994 turbam
500 1961 655 1994 eiusdem
686 1961 847 2000 civitatis,
879 1971 945 2003 que
975 1961 1020 1993 ad
1047 1960 1230 1993 ecclesiam
1259 1961 1371 1993 sancti
1400 1967 1483 1994 tunc
1516 1962 1692 2006 consurgit
1703 1961 1727 2001 ³,
1756 1962 1900 1995 inlesam

4 2041 16 2053 ,
43 2022 45 2043 ῑ
65 2008 82 2064 ζ
106 2015 198 2048 rvari
222 2015 395 2059 precepit.

16 2095 17 2099 ,
64 2066 85 2097 5⁵

158 2113 212 2146 28.
234 2131 277 2136 —-
299 2112 581 2145 Mediolanenses
604 2123 752 2155 quoque,
777 2112 916 2155 quando
939 2112 1003 2145 iste
1025 2113 1211 2155 impetator
1232 2123 1295 2155 per
1318 2112 1496 2145 Veronam
1520 2124 1539 2145 a
1562 2113 1675 2147 Roma
1698 2114 1734 2146 in
1758 2112 1902 2146 Germa-

68 2150 70 2154 *
79 2166 164 2200 am
185 2165 408 2209 properabat,
431 2165 556 2210 gladiis
578 2171 611 2198 et
633 2165 804 2198 incendiis
828 2166 1042 2208 diversisque
1064 2166 1302 2199 instrumentis
1323 2167 1481 2199 funditus
1504 2167 1749 2200 destruxerunt
1779 2167 1902 2199 Laude

0 2185 15 2217 ἱ

0 2249 13 2271 ¹¹
64 2254 90 2289 i

11 2310 17 2317 υ
65 2291 94 2328 52-

86 2218 384 2265 Longobardia,
408 2219 583 2252 civitatem
606 2217 786 2252 alteram&

161 2330 186 2356 3.
199 2323 302 2349 XVIII.
318 2322 453 2348 Henricus
471 2322 614 2355 imperator
631 2322 787 2349 Paschalem
805 2325 906 2355 papam
924 2330 984 2348 oum
1002 2323 1078 2348 curia
1097 2323 1239 2356 captivavit
1256 2325 1280 2349 et
1292 2322 1348 2348 alia
1361 2323 1403 2348 die
1421 2325 1486 2356 pace
1504 2323 1582 2355 tacta,
1601 2326 1639 2349 est
1656 2324 1688 2349 ab
1707 2331 1736 2349 eo
1754 2323 1903 2349 solemniter

162 2452 176 2470 2
206 2445 352 2478 nolebant]
370 2444 392 2470 il
408 2445 490 2472 Sassr
508 2451 622 2477 oorngge
639 2445 670 2470 in
688 2446 803 2470 nolebat
823 2461 854 2464 —
880 2452 923 2479 29.
948 2445 1109 2479 consurgit]
1132 2445 1155 2470 il
1178 2445 1259 2470 Sissx
1284 2445 1427 2478 suggerisce
1450 2445 1479 2470 di
1503 2445 1598 2478 leggere
1622 2446 1748 2478 piuttosto
1773 2446 1903 2479 confugit

4 2522 14 2534 ,Η
66 2473 107 2539 {L
126 2493 168 2520 32
187 2487 294 2520 Laude]
314 2487 339 2512 R
356 2495 370 2512 e
387 2487 468 2512 Sassx
493 2487 615 2513 Laudem

66 2564 76 2579 i

68 2583 85 2612 sa,

79 2694 86 2702 ,,

157 2574 167 2592 ¹
187 2574 296 2605 Questa
314 2576 436 2601 vittoria
451 2576 481 2600 fu
495 2577 661 2609 conseguita
676 2577 697 2601 il
714 2576 746 2601 18
758 2578 867 2610 giugno
884 2583 959 2602 1110.
1101 2574 1113 2591 ⁶
1126 2575 1304 2600 L’annalista
1318 2575 1394 2601 Saxo
1408 2577 1438 2600 in
1453 2576 1555 2608 Corpus
1568 2576 1721 2602 historicum
1734 2576 1823 2601 Medii
1836 2576 1904 2601 Aevi

109 2625 243 2642 essanoro
261 2617 276 2642 ὲ
297 2618 424 2643 frazione
443 2618 472 2642 dl
492 2617 671 2643 Castelleone
688 2617 743 2651 (pr.
763 2618 924 2651 Cremona).
1014 2620 1042 2643 di
1065 2617 1100 2643 G.
1120 2618 1253 2643 G10R01o
1272 2619 1390 2644 Eccann
1410 2618 1528 2652 (Lipsia‚
1551 2619 1637 2652 1723),
1664 2628 1690 2645 v.
1712 2619 1746 2652 11,
1767 2620 1821 2645 col.
1842 2619 1904 2653 627,

158 2658 170 2676 ²
188 2660 293 2685 Enrico
311 2662 414 2693 giunse
431 2667 448 2685 a
466 2661 557 2685 Roma
577 2661 598 2684 il
620 2667 650 2685 12
671 2661 799 2686 febbraio
821 2669 896 2687 1111.
1014 2662 1118 2686 attesta
1143 2661 1193 2685 che
1216 2661 1322 2685 Enrico
1347 2661 1421 2693 parti
1442 2669 1491 2694 per
1510 2662 1538 2686 la
1563 2661 1718 2687 Germania
1742 2661 1819 2694 dopo
1839 2669 1905 2686 aver

158 2700 170 2717 ³
186 2702 324 2734 Pssquale
343 2703 369 2727 sl.
387 2701 484 2727 rifiute
503 2703 532 2727 di
553 2703 723 2727 incoronare
742 2703 846 2728 Enrico
859 2702 960 2737 perche
1012 2704 1156 2729 celebrato
1176 2705 1205 2727 in
1225 2703 1337 2729 Verona
1356 2704 1384 2728 la
1403 2704 1580 2735 Pentecoste,
1604 2705 1675 2743 festa
1700 2705 1750 2729 che
1770 2704 1857 2729 cadde
1876 2705 1905 2729 al

130 2745 163 2768 ti
183 2751 241 2768 non
262 2744 364 2769 voleva
383 2745 495 2776 glurare
515 2744 620 2769 fedelta
639 2745 666 2769 al
687 2745 825 2777 pontefice
849 2747 883 2771 ed
909 2747 960 2770 im·
1015 2753 1046 2771 21
1067 2747 1182 2779 maggio
1201 2747 1247 2770 del
1268 2753 1342 2771 ιιιι.

78 2790 84 2793 ”
76 2788 201 2822 ,ςιιιηί
222 2787 252 2811 di
271 2794 328 2811 non
349 2787 502 2812 concedere
520 2786 569 2819 pili
587 2787 758 2812 investiture
777 2788 943 2822 episcopali.
1102 2787 1113 2803 ⁷
1131 2789 1230 2812 Presso
1250 2788 1362 2812 Worms
1381 2788 1529 2813 Ludovico
1555 2789 1576 2813 il
1596 2788 1650 2813 Pio
1676 2796 1764 2813 aveva
1785 2789 1905 2813 fondato

66 2946 86 2960 sv

67 2997 76 3014 ,ς
85 3002 88 3007 .

161 2826 172 2843 ⁴
191 2828 228 2853 Di
250 2830 346 2861 queste
365 2829 438 2854 lotte
463 2836 479 2853 a
503 2829 594 2854 Roma
619 2830 743 2854 discorre
763 2829 960 2856 Fannmauno
1015 2839 1052 2856 un
1067 2833 1228 2855 monastero
1242 2832 1270 2855 di
1286 2832 1464 2856 Benedettini
1477 2831 1525 2863 (cf.
1538 2831 1905 2863 Mmmos,Ann.Benaed.,

77 2875 295 2910 ,γιιιοοιιονιυῆ
315 2870 403 2896 Storia
421 2870 489 2896 della
506 2871 567 2897 eiua
589 2871 617 2896 di
639 2871 725 2896 Roma
749 2871 792 2897 nel
817 2872 960 2902 Medioevo,
1016 2875 1066 2898 sub
1086 2881 1151 2898 ann.
1171 2872 1244 2907 838).

96 2906 194 2943 .11,1.
213 2913 239 2938 8.
1102 2914 1113 2931 ⁸
1134 2915 1241 2944 Questa
1262 2916 1440 2940 distruzione
1467 2916 1542 2941 della
1562 2915 1631 2941 citta
1657 2916 1684 2940 di
1710 2917 1821 2941 Worms
1847 2924 1904 2941 non

160 2954 171 2971 ⁵
190 2956 448 2981 L'incoronazione
467 2956 497 2980 di
517 2956 623 2981 Enrico
642 2956 667 2980 V
682 2957 713 2981 su
731 2958 758 2982 ai
776 2964 806 2989 13
821 2957 850 2982 di
864 2957 962 2990 aprile.
1016 2959 1116 2982 consta
1129 2957 1163 2982 da
1183 2959 1250 2982 altri
1271 2959 1401 2983 cronisti.

131 2998 280 3031 prIglonia
293 2999 323 3023 di
335 2998 472 3030 Pasquale
484 2999 511 3023 H
524 3006 590 3031 pare
603 3000 645 3023 sia
658 2999 758 3024 durata
771 3007 852 3024 meno
867 2999 896 3024 di
910 2999 962 3024 due
1103 2998 1115 3015 ⁹
1133 2999 1174 3025 La
1194 3000 1372 3025 distruzlone
1386 3001 1414 3025 di
1429 2999 1503 3025 Lodi
1516 3000 1640 3025 vecchio
1657 3002 1685 3025 su
1701 3002 1906 3026 incominciata

85 3039 154 3065 esl-
178 3039 224 3066 Cf.
236 3040 314 3065 Liber
331 3040 504 3073 Pontificalis,
523 3041 566 3066 ed.
585 3041 755 3072 Ducnssmt,
770 3050 795 3066 v.
808 3042 843 3073 11,
855 3049 882 3074 p.
895 3048 955 3074 300.
1024 3042 1044 3066 il
1064 3049 1097 3075 ²4
1118 3043 1230 3075 maggio
1253 3049 1327 3067 1111.

203 3157 237 3181 Τ.
255 3158 288 3189 V,
307 3165 335 3191 p.
353 3163 391 3182 ιιι
410 3170 443 3176 —
463 3164 488 3182 2.

1969 706 2043 730 Mon..
2058 707 2097 730 489

1981 1190 2002 1207 c.
2016 1185 2066 1205 διν

1966 1759 2040 1782 Mun.¹
2055 1763 2095 1783 490

1933 2709 1967 2727 20

1933 2919 1964 2947 ²5
