2288 3476
801 196 1136 233 PREFAZIONE
1758 192 1892 230 XXXI

24 268 76 292 j..
78 270 1893 282 .................................................................................................................................................................................................

35 351 37 353 ,
53 322 134 356 dum
156 332 219 364 per
242 321 390 354 clericos
405 327 440 353 et
454 320 653 353 monachos.
689 320 898 353 thandum.
938 320 1028 352 Nam
1045 319 1271 352 Gothifredus
1286 318 1373 351 filius
1389 329 1468 350 suus
1485 318 1662 360 predictus
1679 318 1760 350 dum
1777 317 1896 350 hume-

26 387 39 417 3
53 386 129 409 rum
151 385 229 408 cum
252 374 396 407 brachio
421 374 532 406 sancti
556 372 734 416 Apollonii
756 373 963 416 precideret,
987 383 1089 405 cruor
1113 373 1161 405 ita
1183 382 1308 405 recens
1331 370 1439 404 exivit
1461 382 1502 403 ac
1527 371 1555 402 si
1577 371 1675 403 vivus
1698 376 1800 409 esset,
1828 382 1896 414 quo

9 423 129 462 >lviso
151 428 318 460 miraculo
342 428 412 459 dux
435 427 520 460 Atto
543 427 657 460 statim
680 427 775 459 vovit
798 427 913 459 eidem
937 431 1058 459 sancto
1082 432 1119 458 se
1142 426 1303 458 daturum
1334 425 1488 458 decimas
1519 424 1672 457 omnium
1696 434 1763 467 que
1786 424 1894 467 possi-

0 511 1 516 ,
26 481 156 516 ’ἑκᾱεῑιει
178 487 249 514 tam
273 481 449 514 mobilium
473 490 575 524 quam
597 480 836 519 immobilium,
860 480 955 522 quod
972 486 1005 512 et
1021 479 1123 512 fecit:
1149 479 1243 522 quod
1266 487 1370 521 caput
1385 477 1419 511 b.
1443 477 1511 521 Ap.
1536 487 1614 510 cum
1639 478 1795 516 brachio,
1819 488 1897 511 curn

10 534 170 571 ..multis
193 534 268 567 aliis
290 534 434 578 reliquis
457 534 577 567 debita
599 544 676 567 curn
693 534 885 567 reverentia
900 532 1024 566 detulit
1039 533 1210 566 Canosam
1227 532 1286 565 ubi
1303 542 1412 575 usque
1429 542 1520 564 nunc
1537 532 1767 575 requiescunt.
1791 531 1896 565 Com-

38 588 149 632 ;ΡΙειο
172 594 283 620 autem
309 587 436 630 templo
460 593 494 620 et
518 587 709 620 honorifice
732 587 898 629 predictis
924 587 1055 619 sanctis
1084 586 1214 619 ibidem
1245 585 1437 624 collocatis,
1469 585 1576 617 multa
1603 585 1832 617 hornamenta
1862 590 1896 616 et

37 636 212 686 lpreciosa
236 641 380 673 donavit
402 641 526 673 eidem.
573 640 662 673 Nam
685 639 810 672 obtulit
833 640 946 682 primo
970 644 1119 671 XXXI110‘
1141 649 1288 672 coronas
1319 640 1363 672 de
1394 649 1478 671 auro
1510 644 1544 671 et
1574 645 1719 682 argento
1750 638 1897 681 probato

38 687 192 730 ¹amatas
216 693 390 737 lapidibus
413 694 595 736 preciosis.
621 695 704 726 item
720 693 869 726 maxima
883 692 1025 726 tanbula
1041 693 1074 733 (1)
1091 693 1134 724 de
1151 698 1295 736 argento
1312 698 1347 725 et
1363 702 1463 724 auro:
1481 692 1563 724 item
1581 698 1616 724 et
1631 692 1759 724 calices
1775 692 1899 724 multas

43 743 98 781 ³de
121 758 206 780 auro
222 752 257 780 et
272 753 430 790 argento:
454 746 536 778 item
553 746 688 779 tabulas
701 747 854 789 sculptas
870 746 913 779 de
929 752 1071 790 argento
1087 752 1121 778 et
1136 757 1236 778 auro:
1253 746 1336 778 item
1351 745 1445 788 palia
1459 745 1576 783 multa,
1591 745 1748 788 planetas
1762 746 1896 783 multas,

4 800 216 845 *pluvialia
240 809 310 832 xn:
336 801 459 832 lietera
483 799 569 833 dicit
592 800 756 833 duodena
778 799 858 842 quia
881 799 974 832 forte
998 800 1136 832 fuerant
1160 803 1306 836 xxnn0‘‚
1329 799 1422 831 unde
1446 799 1600 842 sequitur
1630 808 1758 831 versus.

532 878 673 912 Exibuit
695 878 826 921 templo
850 878 988 912 sincero
1012 878 1119 911 corde
1144 889 1283 922 quoque
1307 884 1416 911 recto.

142 959 183 993 In
205 959 375 993 vestibulo
406 964 522 992 autem
544 959 665 1001 templi
688 958 754 991 sibi
778 958 946 991 edifficari
976 959 1072 991 iussit
1095 959 1304 1002 sepulcrum,
1327 960 1363 991 in
1387 969 1457 1002 quo
1481 959 1551 992 dux
1574 965 1782 993 memoratus
1805 959 1896 992 iacet

32 999 225 1049 humatus.

6 1036 43 1111 i
24 1077 50 1098 ¹
782 1074 976 1118 Capitulum
1000 1079 1170 1117 quartum.

7 1149 51 1200 ξ

142 1155 271 1189 Habuit
292 1161 404 1188 autem
435 1155 615 1198 predictus
646 1155 716 1187 dux
746 1155 831 1187 Atto
862 1164 1005 1187 uxorem
1036 1154 1283 1187 nobilissimam
1306 1155 1525 1198 Ildegardam
1557 1155 1705 1193 nomine,
1736 1156 1836 1188 bonis
1864 1161 1898 1188 et

8 1221 39 1267 3
34 1199 183 1252 'sanctis
204 1208 357 1242 moribus
379 1209 484 1251 plena
499 1209 566 1241 fuit
581 1209 669 1241 sicut
692 1209 819 1240 dicitur
841 1208 877 1240 in
893 1219 994 1240 versu
1016 1208 1133 1246 docta,
1148 1208 1384 1252 gubernatrix,
1402 1209 1567 1250 prudens,
1582 1209 1702 1251 proba,
1720 1209 1900 1242 conscilia-

9 1282 13 1305 3
34 1263 122 1296 trix
144 1268 179 1295 et
201 1262 337 1295 devota.
382 1261 472 1294 Nam
496 1262 572 1304 ipsa
595 1271 672 1294 cum
696 1262 769 1294 viro
792 1272 854 1294 suo
872 1261 1047 1294 edificavit
1069 1261 1314 1294 monasterium
1330 1262 1373 1294 de
1391 1261 1551 1295 Bersillo.
1598 1263 1651 1294 Ex
1673 1262 1737 1295 ista
1761 1263 1900 1295 domina

9 1324 35 1365 3
45 1315 208 1366 suscepit
230 1314 344 1348 dictus
366 1315 437 1347 dux
459 1313 706 1347 nobilissimam
722 1315 867 1356 prolem,
884 1314 997 1346 silicet
1019 1320 1089 1347 tres
1111 1314 1209 1354 filios,
1232 1314 1364 1356 primus
1387 1321 1529 1347 vocatus
1545 1321 1596 1347 est
1611 1315 1813 1347 Rodulfus‘
1804 1326 1900 1347 1uve-

10 1370 37 1405 ’.3
65 1367 111 1401 ιίι
131 1367 350 1410 pulcerimus,
374 1368 437 1400 iste
460 1367 497 1399 in
520 1368 697 1399 iuventute
720 1377 781 1399 sua
803 1373 957 1400 mortuus
980 1373 1033 1400 est
1056 1373 1134 1400 ante
1158 1373 1314 1410 patrem;
1339 1368 1511 1400 secundus
1533 1374 1677 1400 vocatus
1701 1375 1752 1401 est
1775 1369 1898 1401 Gothi-

37 1396 178 1455 ἰι-ωηο
199 1427 236 1454 et
258 1422 321 1454 iste
346 1421 414 1453 fuit
435 1421 620 1463 episcopus
642 1420 832 1453 Lunensis¹
835 1443 845 1459 ‚
861 1427 896 1453 et
919 1421 983 1453 fuit
1006 1426 1146 1454 sanctus
1169 1427 1203 1454 et
1227 1422 1375 1454 devotus
1398 1422 1517 1459 homo;
1536 1422 1663 1454 tercius
1686 1428 1830 1455 vocatus
1847 1428 1898 1455 est

11 1425 43 1529 ’ἰ
47 1492 54 1514 ·;
91 1474 237 1508 edaldus
259 1474 482 1517 probissimus
504 1474 671 1512 marchio,
695 1481 730 1507 et
751 1480 991 1517 propugnator
1013 1480 1132 1507 sancte
1155 1485 1296 1507 romane
1321 1475 1479 1507 ecclesie.
1526 1475 1595 1507 Iste
1619 1476 1686 1508 fuit
1708 1476 1857 1508 dilectus
1880 1487 1901 1507 a

14 1538 51 1592 3
36 1521 196 1574 {regibus
219 1533 255 1561 et
276 1526 474 1570 princibus.
506 1527 587 1559 huic
618 1527 774 1559 dominus
804 1538 895 1570 papa
918 1528 1017 1560 dedit
1047 1528 1253 1560 Ferrariam.
1300 1527 1406 1561 Nota.
1454 1528 1708 1561 Nichilominus
1731 1529 1796 1560 iste
1820 1535 1899 1572 post

14 1587 39 1627 ‹35
51 1586 203 1626 mortem
225 1580 333 1624 patris
363 1580 484 1613 dilexit
514 1587 666 1613 castrum
697 1579 1032 1613 Canusinum.1ste
1062 1580 1152 1613 fecit
1181 1581 1428 1614 monasterium
1458 1582 1569 1614 sancti
1600 1580 1786 1615 Benedicti
1809 1583 1898 1614 inter

69 1634 190 1667 ·adum
215 1639 250 1667 et
270 1635 468 1673 Larionem,
492 1634 632 1677 quando
656 1640 810 1667 mortuus
841 1640 893 1666 est
915 1634 1003 1666 fecit
1025 1644 1061 1666 se
1085 1639 1222 1676 portare
1254 1634 1453 1674 Canusium,
1482 1635 1541 1667 ubi
1574 1645 1651 1667 cum
1682 1641 1780 1677 patre
1810 1635 1900 1668 iacet

14 1667 225 1721 humatus
271 1687 357 1720 Item
380 1693 539 1730 tempore
563 1697 623 1720 suo
640 1687 726 1720 fecit
747 1687 856 1720 multa
877 1687 970 1720 bella
992 1693 1026 1719 et
1050 1693 1188 1720 strenue
1213 1687 1248 1719 in
1272 1688 1407 1720 cunctis
1429 1699 1547 1731 agens.

14 1743 59 1783 33.
146 1741 214 1774 Iste
237 1741 396 1774 dominus
419 1740 598 1773 Tedaldus
621 1740 706 1773 fecit
729 1741 885 1774 edificari
907 1746 1056 1774 castrum
1072 1741 1107 1772 in
1131 1740 1292 1773 Ferraria
1314 1740 1409 1784 quod
1432 1742 1570 1774 vocavit
1594 1742 1733 1774 nornine
1756 1752 1817 1775 suo
1833 1743 1900 1775 Ca-

21 1789 26 1799 ’
138 1811 155 1823 ιι
184 1794 346 1834 Tedaldi,
370 1799 405 1826 et
427 1794 564 1827 duravit
579 1805 686 1838 usque
701 1795 746 1827 ad
762 1800 933 1836 tempora;
951 1794 1039 1827 illud
1055 1799 1204 1827 castrum
1228 1800 1412 1827 tenuerunt
1427 1795 1556 1828 Veneti
1574 1801 1695 1828 contra
1718 1796 1900 1829 ecclesiam

51 1857 232 1883 omanam
255 1853 290 1880 et
311 1847 404 1880 misit
426 1857 578 1880 summus
600 1847 762 1890 pontifex
784 1847 936 1891 legatum
959 1848 1097 1880 nomine
1114 1847 1343 1891 Pellagruam‚
1360 1848 1420 1891 qui
1436 1849 1531 1881 venit
1546 1849 1748 1887 Bononiam,
1764 1855 1798 1882 et
1814 1850 1903 1882 fecit

14 1871 48 1977 E
43 1900 241 1958 Jpredicare
266 1910 404 1933 crucem
429 1906 550 1933 contra
572 1900 738 1939 Venetos,
762 1901 902 1933 tandem
925 1900 1059 1933 dictum
1081 1907 1231 1934 castrum
1263 1901 1329 1933 fuit
1360 1908 1500 1944 captum
1531 1908 1565 1934 et
1596 1902 1814 1944 ducuntur&
1837 1912 1901 1945 per

43 1947 180 1989 'fideles
203 1953 365 1994 ecclesie,
387 1964 477 1987 anno
500 1953 633 1987 domini
655 1952 898 1987 MCCCVIIP.

46 2010 57 2018 '⁴
145 2007 214 2040 Iste
236 2007 393 2040 dominus
415 2006 594 2039 Tedaldus
617 2006 737 2040 habuit
759 2017 904 2040 uxorem
927 2007 1173 2040 nobilissimam
1188 2013 1224 2040 et
1239 2008 1453 2046 honoratam,
1470 2008 1610 2051 optimis
1625 2008 1778 2042 moribus
1802 2009 1900 2042 Guil-

16 1988 82 2154 Ξ
91 2072 137 2093 m
159 2060 308 2093 nomine.
354 2059 437 2092 Ex·
429 2071 504 2103 ipsa
525 2061 680 2103 suscepit
702 2066 774 2093 tres
797 2060 896 2100 filios,
921 2061 1050 2103 primus
1073 2067 1216 2094 vocatus
1238 2066 1290 2094 est
1312 2061 1503 2100 Tedaldus,
1537 2063 1674 2095 nomine
1706 2062 1813 2104 patris
1836 2063 1900 2102 sui,

29 2100 74 2169 ᾗ·
97 2124 118 2147 c
139 2113 206 2146 fuit
229 2119 369 2146 sanctus
392 2119 426 2146 et
450 2113 596 2147 devotus
619 2119 655 2146 et
678 2113 745 2146 fuit
768 2114 951 2157 episcopus
974 2113 1149 2146 Aretinus.

27 2162 66 2244 ι”ῗ
146 2200 220 2241 Qui
246 2212 358 2247 segue
387 2200 422 2236 la
449 2201 562 2236 storia
589 2200 686 2237 della
713 2201 920 2236 tentazione
948 2201 984 2236 di
1013 2200 1195 2237 Tedaldo.

145 2313 296 2347 Tercius
318 2314 385 2347 fuit
406 2314 563 2347 Coradus
585 2325 647 2347 seu
669 2314 724 2347 leo
747 2314 860 2347 fortis.
894 2314 999 2347 Pater
1021 2320 1137 2347 autem
1160 2325 1278 2348 eorum
1301 2317 1502 2358 superstites
1525 2316 1731 2359 dereliquid,
1748 2323 1782 2349 et
1798 2316 1903 2350 bene-

44 2368 75 2422 ι·
85 2366 147 2400 xit
169 2377 229 2400 eos
249 2367 284 2399 in
309 2372 430 2405 morte,
452 2373 487 2400 et
509 2368 686 2401 dominum
709 2368 922 2400 Bonifatium
945 2369 998 2400 sui
1020 2368 1100 2401 loco
1122 2368 1247 2411 posuit,
1271 2375 1305 2402 et
1327 2369 1414 2402 fecit
1437 2370 1531 2413 quod
1555 2380 1596 2403 eo
1619 2371 1758 2403 vivente
1783 2380 1904 2403 omnes

66 2418 186 2453 bditi
207 2421 260 2453 sui
282 2426 352 2453 tam
375 2421 490 2464 magni
514 2431 617 2464 quam
639 2421 736 2464 parvi
760 2421 959 2454 iuraverunt
974 2421 1173 2454 fidelitatem
1198 2422 1268 2455 filio
1285 2422 1409 2466 quibus
1432 2422 1582 2466 reliquid
1606 2424 1788 2456 duodenos
1803 2434 1902 2456 saeos

22 2440 81 2510 ’ἐν
101 2472 216 2506 rvinos
238 2473 359 2516 plenos
381 2474 542 2516 pecunia,
565 2484 650 2517 quos
672 2479 708 2507 et
730 2474 889 2507 servabat
912 2474 948 2506 in
970 2474 1132 2507 Canusia.
1178 2475 1223 2507 Et
1245 2475 1425 2517 preclarus
1446 2476 1482 2507 in
1506 2476 1618 2509 contis
1643 2482 1794 2509 mortuus
1818 2482 1880 2509 est.

49 2523 56 2526 ’
146 2525 255 2559 Erant
277 2531 392 2559 autem
415 2526 557 2570 quidam
579 2526 713 2559 nobiles
735 2527 878 2560 comites
900 2527 938 2559 in
959 2527 1206 2560 Lumbardiam
1230 2529 1301 2571 qui,
1324 2528 1525 2561 invidentes
1548 2529 1767 2572 prosperitati
1791 2530 1902 2562 dicto-

38 2569 136 2637 ''ffirum
159 2580 316 2618 fratrum,
340 2579 476 2612 occulte
500 2579 664 2612 miserunt
685 2580 731 2612 ad
753 2580 928 2613 Coradum
950 2581 1119 2613 minorem
1142 2581 1386 2623 promittentes
1403 2582 1435 2614 ei
1451 2593 1593 2618 uxorem
1611 2583 1706 2622 dare,
1723 2582 1781 2626 qui
1796 2582 1902 2615 laten-

72 2643 116 2665 r
136 2633 210 2667 sine
235 2633 401 2666 conscilio
424 2633 554 2665 domini
577 2633 753 2666 Bonifacii
775 2633 838 2666 ivit
861 2634 907 2667 ad
929 2644 998 2667 eos.
1044 2634 1098 2667 Illi
1115 2640 1229 2667 autem
1252 2642 1420 2677 ceperunt
1444 2636 1576 2669 adulari
1603 2635 1741 2669 Corado
1764 2647 1905 2679 persua-

36 2694 65 2720 5⁸-
71 2692 184 2719 entes
206 2686 302 2729 quod
324 2691 514 2719 assumeret
543 2686 671 2719 bellum
702 2693 823 2720 contra
853 2685 1075 2726 Bonifatium,
1099 2694 1134 2720 et
1157 2689 1251 2731 quod
1280 2688 1345 2731 ipsi
1377 2690 1502 2722 darent
1533 2689 1716 2728 auxilium3
1750 2691 1903 2732 prudens

92 2745 174 2772 ·tem
198 2739 235 2772 in
259 2740 310 2772 eis
331 2749 492 2778 tenuem,
516 2739 660 2772 recessit
682 2739 726 2772 ab
742 2740 802 2777 eis,
819 2741 876 2772 cui
892 2740 978 2773 dicti
1002 2740 1147 2773 comites
1170 2752 1329 2785 magnam
1354 2742 1606 2775 multitudinem
1632 2752 1769 2775 suorum
1797 2744 1903 2777 dede-

37 2780 76 2823 3.”ῑ
86 2797 148 2832 nt,
172 2803 259 2836 quos
282 2793 439 2826 dominus
461 2791 655 2826 Bonifatius
685 2793 818 2836 expulit
842 2799 876 2826 et
899 2793 975 2825 aliis
1005 2794 1172 2826 estraneis
1203 2795 1351 2827 dominis
1384 2795 1419 2827 in
1450 2796 1652 2828 servitutem
1684 2806 1744 2828 eos
1775 2798 1902 2839 posuit.

34 2826 62 2857 “
97 2854 162 2878 unc
186 2844 351 2888 temporis
373 2850 516 2888 propter
538 2854 657 2877 eorum
680 2844 870 2887 probitates
893 2845 989 2889 quasi
1011 2851 1086 2878 tota
1116 2846 1328 2878 Lombardia
1358 2847 1543 2881 insurrexit
1567 2855 1686 2882 contra
1710 2850 1793 2882 istos
1816 2850 1902 2883 duos

34 2731 72 3033 ὲ“’
155 2977 166 2995 ¹
183 2978 317 3008 Lunensis,
336 2980 460 3003 con-etto
478 2978 514 3003 da
532 2978 691 3003 Brs'xiem's.

30 3065 42 3079 .3
74 3066 77 3067 3

31 3077 50 3105 Ἰνᾊ
59 3087 61 3090 ·
70 3079 81 3109 J

39 3112 49 3123 ς,
77 3111 79 3113 ,

32 3132 51 3173 33³¹
71 3171 74 3173 Δ

46 3212 55 3222 .,

34 3229 49 3261 ῑῐ
79 3224 83 3236 ”

34 3260 82 3286 ’,ιω
