2288 3476
97 257 103 264 .
123 234 219 271 12201
605 229 854 267 msT0R1A
882 228 1315 268 MEDIOLANENSIS
1827 227 1870 265 31

33 362 226 407 .’ᾱιι1ρ1ιιιε
240 363 284 396 ab
300 365 450 397 ecclesia
467 375 527 397 sua
542 375 578 397 se
595 364 752 408 queritur
774 364 1010 398 disturbatum.
1057 364 1163 404 Quod
1179 371 1293 398 autem
1310 364 1354 397 ab
1371 374 1412 397 eo
1429 364 1592 407 queritur,
1616 370 1654 396 ut
1676 362 1880 396 titulationis

44 417 57 439 ἕ·
72 427 135 452 ωε
158 416 443 451 certificationem
458 417 622 450 exhibeat
643 417 833 451 secundum
857 418 994 450 beatum
1019 417 1236 461 Gregorium,
1260 418 1448 450 ridiculum
1472 418 1734 450 demonstratur.
1781 416 1878 454 Quid

65 470 170 504 enim
192 470 274 514 agit,
291 470 385 503 iuxta
401 470 556 503 eiusdem
579 470 670 504 beati
696 470 858 514 Gregorii
881 472 976 504 dicta
990 478 1025 504 et
1041 471 1155 515 legum
1177 476 1303 504 statuta
1326 470 1475 513 probare
1492 469 1609 508 debet,
1633 469 1786 512 alioquin
1809 479 1877 501 non

102 529 127 556 t
148 522 228 556 huic
252 523 448 566 calumpnia
471 524 667 567 hujusmodi
689 524 930 556 occasionibus
959 523 1184 567 impingenda
1192 536 1201 562 3
1225 524 1286 556 sed
1309 523 1373 556 nisi
1396 523 1464 556 alia
1486 534 1589 556 causa
1618 523 1795 566 impediat,
1818 533 1878 555 sue

29 569 276 611 «Ῐῐεεῐίωαῐυι-
299 577 457 610 ecclesie.
503 577 629 610 Datum
654 577 773 620 Gajete
791 577 906 610 idibus
921 578 1033 610 martii
1046 602 1060 618 „
1081 576 1100 610 ¹.
1142 577 1220 620 Ipse
1238 587 1319 610 vero
1335 577 1522 610 Yordanus
1546 586 1623 609 cum
1639 587 1706 609 non
1724 575 1878 613 haberet,

158 640 195 662 se
218 639 382 673 suamque
405 630 541 662 turbam
563 636 755 670 excusaret,
772 636 807 663 et
822 630 870 663 ibi
887 641 1003 663 coram
1027 641 1118 673 papa
1140 635 1284 669 taceret,
1307 630 1538 674 interrogatus
1553 629 1597 662 ab
1621 629 1783 668 Abraam,
1800 640 1880 671 pre-

53 682 173 716 itero
196 689 230 716 et
251 684 426 727 magistro,
449 694 510 717 suo
533 683 714 726 capellano
741 684 805 716 ait:
834 684 848 700 ‘⁴
865 683 961 722 Quid
985 684 1096 716 debeo
1119 683 1151 716 ei
1173 682 1411 726 respondere?
1435 683 1497 716 Ille
1529 693 1599 716 non
1622 689 1717 715 tenet
1740 693 1794 715 me
1816 693 1879 725 pro

40 735 240 782 episcopo
252 760 283 776 „.
306 736 408 768 Tunc
425 737 571 769 domnus
585 736 798 779 Lambertus,
815 737 985 770 Ostiensis
1002 737 1187 779 episcopus
1203 743 1237 769 et
1254 737 1369 769 domni
1387 736 1505 769 Calisti
1528 737 1730 779 prolocutor
1743 735 1766 774 ³,
1783 736 1878 778 quasi

42 810 44 813 f
65 788 183 832 opria
203 799 265 821 sua
286 800 389 821 manu
412 789 640 832 apprehendit
662 801 716 822 me
738 795 886 823 stantem
908 796 943 822 et
958 790 1210 833 proferentem:
1233 791 1248 807 ⁴⁴
1262 790 1418 828 Domine,
1442 789 1487 822 ad
1509 790 1574 822 hec
1598 788 1710 822 debeo
1734 799 1878 831 respon-

77 841 205 882 dere„
229 848 263 874 et
286 843 335 874 ait
358 843 462 875 michi
485 842 644 884 publice:
671 843 686 859 ‘⁴
700 845 833 882 Frater,
856 843 1044 885 deposuisti
1067 843 1241 885 querelam
1258 848 1362 881 tuam,
1378 849 1412 874 et
1427 848 1560 884 tempus
1580 842 1725 885 januarii
1742 853 1813 874 non
1830 847 1880 874 est

46 900 191 938 -ναριιιῑιι
214 895 374 927 calcandi
397 905 483 927 uvas
505 896 540 927 in
563 896 728 928 torculari
740 894 762 928 ⁸.
807 895 972 928 Dominus
995 895 1122 938 quippe
1139 895 1423 938 archiepiscopus
1440 895 1592 928 occurrit
1615 895 1713 928 nobis
1736 901 1881 937 propter

55 957 145 986 eos,
169 949 228 991 qui
250 947 457 981 insidiantur
480 949 591 991 gratia
613 948 841 991 imperatoris.
886 948 1052 981 Volumus
1074 949 1180 992 igitur
1196 958 1287 980 nunc
1305 948 1424 981 audire
1441 948 1484 980 de
1501 949 1576 992 ejus
1592 948 1827 981 consolatione
1843 953 1878 979 et

34 996 145 1043 ζζιιοῐι
167 1001 439 1044 perturbatione,
464 1007 565 1045 atque
590 1012 667 1034 cum
689 995 763 1045 ipso
786 1002 950 1043 invenire,
973 1001 1121 1046 qualiter
1143 1002 1317 1034 valeamus
1340 1011 1418 1033 cum
1432 1001 1496 1034 isto
1514 1002 1653 1034 domino
1670 1007 1785 1033 nostro
1801 1011 1879 1043 pro-

37 1043 61 1098 ‘J
76 1064 160 1097 pere
182 1060 219 1087 et
240 1064 406 1097 prospere
431 1055 578 1087 Romam
602 1055 699 1087 adire
724 1056 865 1099 ejusque
888 1055 1004 1088 sedem
1028 1054 1196 1087 obtinere.
1243 1054 1382 1086 Interim
1406 1055 1691 1097 archiepiscopus
1707 1064 1784 1086 cum
1808 1054 1880 1086 istis

75 1112 111 1140 et
125 1106 217 1139 alliis
232 1107 301 1140 suis
323 1107 487 1140 fratribus
510 1107 639 1150 poterit
654 1107 782 1140 habere
799 1107 1004 1140 conscilium
1027 1113 1063 1140 et
1084 1107 1204 1140 facere
1227 1107 1290 1139 tibi
1305 1106 1432 1139 bonum
1448 1130 1475 1148 „.
1521 1107 1697 1150 Jordanus
1712 1107 1828 1150 itaque
1844 1112 1880 1139 et

33 1159 184 1204 ‘usque
209 1165 305 1192 cetus
330 1160 468 1192 locutus
492 1161 534 1193 de
558 1171 619 1193 sua
649 1161 829 1202 opulentia
850 1161 884 1192 in
907 1161 967 1192 illa
989 1161 1188 1203 vespertina
1219 1161 1304 1192 hora
1327 1167 1362 1192 et
1384 1159 1439 1192 die
1462 1160 1596 1192 altera⁴
1627 1160 1791 1202 palatium
1816 1161 1877 1193 de-

81 1213 188 1246 endit.
234 1213 350 1257 Atque
375 1213 409 1245 in
435 1213 547 1252 tertia,
578 1224 644 1256 que
669 1214 744 1246 dies
767 1214 834 1246 fuit
864 1213 1069 1250 Dominicha
1100 1213 1143 1245 de
1167 1213 1270 1245 ramis
1300 1213 1490 1255 palmarum
1514 1213 1551 1245 in
1575 1213 1726 1246 ecclesia
1758 1213 1878 1246 Sancti

31 1254 55 1306 ’ξ’
88 1282 93 1294 ;
121 1266 208 1299 tiani
226 1277 305 1299 cum
320 1267 389 1299 suis
411 1267 628 1310 suffraganeis
643 1266 795 1305 Petrum,
819 1267 1081 1299 Terdonensem
1099 1267 1270 1305 ellectum,
1294 1267 1379 1300 licet
1395 1267 1499 1299 modo
1513 1266 1524 1283 ⁵
1547 1267 1733 1310 abjectum,
1749 1267 1786 1299 in
1803 1267 1877 1309 epi-

30 1329 40 1342 1
80 1330 184 1362 opum
208 1318 405 1352 ordinavit.'
449 1320 489 1352 In
512 1320 635 1353 eadem
659 1330 797 1363 quoque
821 1320 957 1352 civitate
980 1326 1015 1352 et
1037 1320 1225 1353 festivitate
1248 1319 1292 1352 de
1316 1321 1418 1352 ramis
1441 1320 1629 1362 palmarum
1654 1320 1783 1358 Guazo‚
1807 1321 1879 1352 cle-

29 1371 134 1411 zicus
156 1373 200 1406 de
223 1372 316 1406 Oreo
341 1378 376 1405 et
398 1372 672 1405 Mediolanensis
695 1373 847 1406 ecclesie
879 1373 1000 1412 lector,
1031 1373 1169 1416 accepit
1192 1379 1323 1405 cartam
1347 1384 1366 1405 a
1389 1373 1559 1406 Pontifice
1583 1379 1619 1406 et
1644 1372 1878 1406 cardinalibus

32 1425 282 1469 subscriptam,
313 1426 587 1462 confirmantem,
618 1426 725 1468 ipsius
757 1427 931 1459 Guazonis
961 1426 1159 1470 conjugium
1191 1437 1265 1459 esse
1296 1427 1513 1470 legiptimum
1523 1438 1532 1464 ;
1562 1427 1658 1469 quod
1688 1427 1876 1460 Yordanus

28 1482 52 1506 2
82 1479 323 1522 chiepiscopus
346 1489 424 1511 cum
447 1479 517 1511 suis
541 1478 741 1511 consulibus
763 1480 797 1511 in
814 1485 972 1522 tempore
994 1478 1224 1512 terremotus⁸
1249 1481 1291 1512 de
1308 1489 1369 1512 suo
1386 1480 1521 1512 theatro
1545 1479 1787 1522 divulgaverat
1804 1490 1878 1512 esse

32 1525 258 1578 adulterium.
304 1532 345 1564 In
369 1532 425 1565 die
441 1538 555 1565 autem
578 1533 696 1571 altera,
714 1542 780 1576 que
796 1532 865 1565 fuit
879 1532 1033 1566 secunda
1055 1533 1157 1572 feria,
1174 1534 1334 1566 dominus
1355 1533 1429 1575 ipse
1453 1533 1598 1566 ellectus
1622 1543 1711 1575 papa
1741 1534 1878 1565 Terdo-

26 1594 121 1620 nam
145 1586 269 1623 exivit;
293 1596 373 1618 cum
397 1596 465 1629 quo
489 1586 637 1625 Olricus,
660 1586 898 1619 vicedominus
921 1587 1205 1624 Mediolanensis,
1228 1586 1397 1619 Yordano
1421 1586 1686 1629 archiepiscopo
1710 1587 1876 1619 redeunte

33 1631 292 1678 ᾸΜεᾱίοὴιηιιω,
308 1649 417 1681 usque
433 1639 646 1671 Placentiam
662 1639 735 1671 ivit.
783 1638 854 1678 Qui
871 1640 1110 1672 vicedominus
1127 1650 1204 1672 cum
1220 1640 1415 1672 intenderet
1438 1649 1605 1672 excusare
1628 1650 1726 1672 suum
1742 1640 1878 1672 archie-

24 1690 219 1766 ῬἰεοοΡιιπι
235 1691 352 1730 michi,
371 1692 549 1724 reiteranti
565 1692 776 1735 querellam
767 1703 803 1724 m
816 1692 1019 1725 Placentino
1035 1693 1173 1735 palatio,
1187 1693 1231 1726 de
1244 1703 1346 1725 sensu
1363 1703 1423 1724 suo
1439 1692 1498 1725 ait:
1520 1693 1708 1725 “Ferocem
1726 1692 1876 1725 animum

46 1746 209 1790 “gerisw
254 1745 319 1778 Cui
336 1745 477 1788 quidam
495 1756 590 1778 meus
606 1746 725 1784 frater,
748 1746 947 1788 Liprandus
963 1746 1114 1785 nomine,
1138 1746 1332 1788 respondit:
1364 1745 1379 1763 ‘⁴
1391 1745 1429 1778 Si
1445 1746 1636 1778 secundum
1660 1746 1876 1779 ferocitatem

22 1798 60 1825 ³1⁸
71 1799 174 1832 vellet
197 1809 313 1843 agere,
328 1799 365 1831 in
380 1811 448 1831 una
464 1799 523 1832 die
539 1805 654 1841 posset
669 1800 819 1842 quinque
842 1798 951 1832 milia'
967 1799 1140 1832 hominum
1164 1800 1328 1838 excitare,
1344 1800 1403 1842 qui
1418 1806 1612 1843 pugnarent
1628 1799 1760 1832 bellicis
1777 1800 1878 1832 armis

71 1863 135 1896 pro
151 1863 188 1884 se
201 1876 231 1893 „.
270 1852 359 1885 Huic
375 1852 483 1885 verbo
500 1852 740 1884 vicedominus
764 1853 951 1885 consensit.
990 1853 1035 1885 Et
1051 1853 1209 1885 dominus
1224 1863 1315 1895 papa
1331 1853 1461 1885 surexit
1477 1858 1512 1885 et
1527 1863 1700 1885 cameram
1716 1853 1877 1885 intravit:

23 1912 74 1951 {t
96 1906 205 1939 ceteri
228 1906 288 1949 qni
304 1905 351 1939 ibi
375 1906 519 1938 aderant
542 1911 712 1947 potentes,
736 1912 805 1938 tam
822 1906 978 1948 episcopi
995 1916 1096 1948 quam
1122 1906 1328 1944 cardinales,
1344 1906 1388 1938 de
1403 1906 1474 1939 suis
1491 1912 1660 1948 ceperunt
1681 1906 1777 1949 loqui
1794 1917 1877 1939 con-

20 1950 197 1996 ffluentiIs.
243 1957 290 1991 At
313 1969 391 2002 ego,
414 1958 484 1990 illis
507 1957 668 1998 dimissis,
692 1958 837 2000 perveni
859 1959 905 1990 ad
928 1968 1118 1997 cameram;
1143 1959 1187 1990 de
1212 1970 1279 2002 qua
1303 1958 1461 1991 dominus
1484 1969 1576 2001 papa
1600 1959 1762 2002 dignatus
1780 1959 1876 1992 exire

28 2003 84 2045 ead
98 2023 165 2050 me,
181 2011 286 2045 dixit.
312 2013 327 2029 “
340 2011 476 2051 Frater,
498 2012 647 2054 pecunia
662 2019 715 2045 est
728 2022 795 2050 res,
812 2011 856 2044 de
873 2023 941 2055 qua
955 2012 1059 2044 homo
1075 2018 1190 2054 potest
1205 2013 1324 2045 facere
1347 2013 1488 2045 multum
1513 2012 1652 2045 bonum.
1697 2013 1753 2045 Tu
1770 2023 1877 2055 pecu-

0 2091 1 2094 ,
34 2063 59 2083 ⁸
70 2065 164 2097 niam
180 2075 250 2097 non
265 2064 384 2103 habes,
401 2074 467 2097 nec
483 2070 619 2107 tempus
642 2064 890 2107 supersedendi
914 2075 1018 2098 cause
1034 2071 1091 2097 tue
1107 2076 1199 2098 nunc
1227 2072 1287 2098 est.
1334 2065 1407 2098 Sed
1423 2066 1517 2098 Deus
1539 2072 1664 2108 potens
1680 2072 1731 2098 est
1748 2067 1860 2106 dare„

22 2097 82 2151 Εῐ
104 2124 279 2151 transacto
302 2118 368 2150 isto
392 2118 521 2160 pascali
545 2117 645 2156 festo,
669 2128 733 2160 per
755 2118 1008 2151 vicedominum
1031 2119 1204 2151 mandabo
1228 2119 1505 2162 archiepiscopo,
1521 2125 1641 2151 utnon
1657 2119 1700 2151 sit
1723 2120 1787 2152 sibi
1803 2130 1877 2151 mo-

20 2170 153 2209 leatus,
176 2172 240 2204 sed
263 2171 444 2214 benignus.
491 2171 562 2204 Sed
586 2177 664 2214 post
686 2172 755 2204 hoc
778 2173 919 2213 pascale
943 2172 1070 2204 festum
1100 2172 1252 2205 Romani
1275 2183 1422 2215 propere
1444 2179 1478 2204 et
1508 2172 1732 2215 solempniter
1761 2184 1876 2205 susce-

18 2226 167 2270 [perant
195 2226 308 2266 ipsum
338 2235 464 2267 papam
495 2224 673 2258 Calistum.
721 2224 764 2256 Et
786 2225 863 2266 ipse
895 2235 972 2257 cum
995 2225 1164 2258 Romanis
1194 2224 1322 2257 Sutrim
1354 2225 1621 2267 comprehendit
1651 2226 1839 2258 Burdinum
1855 2225 1877 2263 ⁷,

19 2274 165 2321 3papam
189 2278 331 2315 dictum,
356 2283 390 2309 et
414 2277 448 2308 in
471 2277 561 2316 loco,
584 2278 644 2321 qui
668 2278 797 2311 dicitur
819 2277 924 2319 Cava,
947 2278 1062 2320 posuit
1085 2279 1385 2320 comprehensum.

130 2375 182 2408 49.
200 2393 241 2399 -
257 2375 351 2407 Deus
374 2374 592 2417 omnipotens
607 2385 719 2418 neque
737 2386 800 2418 per
817 2374 932 2408 literas
956 2375 1086 2408 domini
1110 2375 1240 2408 Gelasii
1255 2386 1367 2419 neque
1384 2386 1447 2417 per
1470 2376 1618 2420 legatum
1643 2376 1765 2410 Calisti
1781 2377 1874 2409 Yor-

19 2447 21 2450 <
41 2427 168 2461 danum
190 2428 296 2460 michi
325 2438 465 2461 suavem
487 2428 560 2460 sive
582 2427 747 2472 bingnum
771 2429 866 2467 fecit,
890 2429 952 2461 sed
975 2429 1019 2461 de
1042 2429 1170 2461 mondo
1192 2429 1287 2461 illum
1309 2429 1436 2462 tullit⁸.
1483 2430 1529 2462 Et
1551 2431 1662 2473 gratia
1692 2430 1877 2472 presbiteri

15 2542 26 2571 ‘A
133 2541 175 2573 38.
194 2539 321 2565 XXXVI.
339 2540 448 2564 Mortuo
470 2540 603 2570 Yordano,
622 2539 728 2565 Olricus
740 2539 846 2572 eligitur
858 2540 888 2565 in
902 2540 1137 2573 archiepiscopum,
1156 2541 1203 2572 qui
1216 2541 1252 2566 ad
1269 2541 1387 2567 dextram
1405 2541 1502 2567 Calisti
1520 2545 1591 2574 pape
1603 2542 1676 2571 sedit,
1690 2543 1876 2567 contranitente

15 2587 17 2591 ¹
47 2582 179 2608 Ravenate

15 2691 28 2711 v.
138 2678 190 2696 1-2.
209 2671 292 2696 Mam
304 2671 391 2696 buono
408 2670 422 2695 ὲ
439 2670 467 2696 la
484 2670 581 2696 leziono
599 2671 628 2696 di
645 2671 687 2696 R:
706 2673 828 2704 quaer1t;
848 2671 993 2697 aureliana»
1011 2672 1096 2698 dicasi
1113 2673 1141 2698 di
1161 2673 1295 2698 cohibeat
1312 2673 1378 2698 dello
1397 2675 1476 2698 stesso
1494 2673 1550 2699 cod.
1563 2673 1649 2698 invece
1667 2673 1696 2698 di
1714 2674 1824 2698 exibeat
1844 2687 1876 2691 —

19 2720 29 2751 ¹3
48 2722 74 2747 9.
92 2711 220 2747 propria]
239 2714 316 2746 Papa
334 2713 358 2738 R
377 2727 411 2731 —
430 2720 470 2738 20.
490 2713 565 2738 Orco
584 2713 608 2738 R
627 2727 636 2732 ·
655 2714 816 2746 pontlflces]
836 2714 1024 2739 Pontificibus
1042 2715 1086 2740 nei
1103 2715 1176 2740 codd.
1195 2723 1208 2740 e
1225 2715 1268 2740 nel
1285 2715 1366 2740 Sassx
1382 2730 1413 2733 —-
1433 2722 1475 2749 37.
1496 2715 1511 2740 Ι
1527 2715 1599 2740 codd.
1619 2715 1707 2741 hanno
1726 2715 1815 2744 Cana,
1833 2723 1878 2741 ma

49 2755 94 2787 gia
111 2755 132 2780 il
150 2755 231 2782 SAssr
249 2755 330 2780 rilevb
348 2755 464 2780 trauarsi
482 2755 510 2780 di
529 2755 609 2785 Cava,
628 2755 671 2780 nel
689 2756 733 2780 cui
751 2757 898 2781 monastero
917 2756 948 2787 fu
964 2756 1101 2783 rinchiuso
1119 2757 1242 2782 Burdino

135 2843 145 2860 ¹
163 2845 251 2869 Anno
273 2843 347 2876 1118,
372 2850 401 2876 15
421 2852 523 2869 marzo.
1073 2844 1085 2862 ⁵
1103 2845 1145 2870 Fu
1163 2846 1284 2878 deposto
1303 2846 1542 2879 dall’episcopato
1563 2847 1607 2871 nel
1631 2846 1707 2880 1136.

133 2884 145 2902 ²
162 2886 294 2910 Divenne
312 2893 384 2919 papa
403 2886 448 2910 col
468 2893 550 2910 nome
568 2887 598 2911 di
617 2886 728 2911 Onorio
748 2886 774 2911 II
794 2887 840 2911 nel
858 2893 933 2919 1¹²4·
1074 2888 1086 2906 ⁸
1105 2886 1177 2912 Cloe
1196 2888 1241 2912 nel
1262 2893 1334 2921 1117.

135 2925 146 2943 ³
165 2928 350 2960 Espressione
368 2928 412 2952 del
437 2928 527 2960 volgo
553 2928 602 2952 che
627 2929 762 2961 potrebbe
787 2928 930 2953 tradursi:
1073 2928 1084 2945 ‘¹
1103 2929 1158 2955 Cio
1176 2937 1304 2955 avvenne
1325 2931 1484 2963 nell'aprlle
1504 2931 1548 2955 del
1571 2938 1646 2963 1121,
1672 2933 1779 2956 mentre
1798 2932 1876 2957 Cali-

51 2968 132 2994 “non
153 2971 175 2994 si
196 2971 276 3002 plgla
295 2969 370 2994 l’uva
389 2970 419 2994 ln
438 2970 562 3002 gennaio
575 2989 599 3003 η.
986 2974 1031 2997 sto
1050 2980 1096 2997 era
1115 2974 1228 2997 entrato
1248 2973 1279 2997 in
1298 2971 1388 2997 Roma
1407 2973 1506 2998 l'anno
1526 2973 1702 3006 precedente.

137 3011 146 3028 ¹
166 3010 237 3037 Cloe
255 3012 306 3036 1‘11
329 3012 419 3045 aprile
441 3019 516 3037 1120.
1074 3012 1086 3029 ⁸
1104 3013 1254 3038 Giordano
1274 3014 1310 3039 da
1328 3013 1428 3039 Cllvio
1450 3014 1521 3039 morl
1543 3015 1562 3039 il
1582 3023 1598 3047 4
1617 3016 1730 3040 ottobre
1752 3022 1826 3040 1120.

1906 3023 1936 3049 ¹5

1942 1330 2018 1354 MUR„
2033 1331 2074 1355 506

1967 1812 1986 1826 ι·-
2001 1811 2048 1829 Ωον
