2288 3476
1090 216 1220 252 VITA
1247 216 1545 254 MATHILDIS

792 336 807 352 “
821 337 904 369 Esse
929 336 997 369 mei
1020 346 1155 369 mecum
1179 337 1268 370 soliti
1292 348 1498 383 semperque
1521 341 1660 374 fuerunt
1673 366 1687 382 „

790 389 866 422 Hoc
891 390 961 421 dux
983 390 1173 431 respondit,
1197 400 1320 432 pacem
1344 401 1407 424 rex
1429 392 1510 425 ilico
1533 395 1685 436 promsit.

788 443 864 475 Hac
889 442 966 474 vice
989 453 1051 476 rex
1074 443 1162 475 vidit
1185 444 1281 486 quod
1305 454 1383 476 eum
1407 446 1558 479 retinere
1581 449 1748 491 nequivit,

670 509 740 535 1050
785 495 921 528 Iccirco
945 495 1057 537 planis
1079 505 1204 538 pacem
1229 496 1344 529 verbis
1367 497 1549 532 simulavit.

876 548 1000 580 Denuo
1024 555 1240 590 pertractans
1262 555 1298 582 et
1320 551 1470 584 eundem
1492 553 1664 595 prendere
1689 562 1843 599 captam,

788 602 864 634 Hoc
889 611 975 633 ceco
998 607 1106 634 marte
1131 602 1330 636 faciendum
1355 604 1487 649 cogitat
1510 606 1613 649 apte.'

786 654 963 696 Tempore
986 660 1157 687 nocturno
1181 666 1286 698 super
1308 657 1419 699 ipsum
1443 659 1594 700 postulat
1615 661 1707 694 ultro

786 708 835 740 Ut
858 708 927 740 dux
950 707 1025 750 ipse
1049 719 1170 750 parum
1195 709 1326 753 vigilet,
1350 711 1443 744 foret
1466 712 1532 745 hoc
1556 713 1621 746 sibi
1644 721 1789 759 gratum.

785 760 902 794 Getuli
926 771 1059 793 morem
1083 762 1149 795 scit
1171 763 1326 805 prudens
1348 764 1463 807 vulpis
1485 765 1521 798 in
1546 777 1616 800 ore.

785 814 998 858 Obsequium
1022 815 1113 859 regis
1137 825 1356 860 nequaquam
1380 819 1536 853 marchio
1560 822 1705 863 sprevit3

785 868 953 901 Cereolos
975 867 1101 902 multos
1124 869 1209 915 fgcit
1233 879 1442 913 componere
1465 872 1640 915 pulchros,

790 921 930 954 Libram
955 921 1104 955 candela
1127 932 1228 956 cerae
1251 924 1351 956 simul
1376 925 1487 958 omnis
1510 926 1675 961 habebat:

785 975 903 1019 Atque
926 974 995 1007 suis
1018 975 1153 1009 cunctis
1176 986 1342 1010 accensas
1365 978 1428 1010 has
1451 979 1534 1011 dare
1559 979 1669 1014 iussit:

780 1028 826 1061 Et
848 1035 975 1068 tensas,
998 1028 1114 1061 hastas
1137 1040 1252 1073 super,
1274 1030 1367 1073 ipsas
1390 1031 1496 1076 figere
1519 1035 1672 1068 mandat.

783 1081 875 1115 Ante
899 1092 994 1114 suam
1018 1082 1158 1116 multam
1182 1084 1309 1116 faciem
1333 1084 1430 1118 iubet
1452 1086 1501 1118 ire
1525 1087 1722 1122 columnam

786 1136 910 1174 Cerae,
933 1135 1174 1178 splendentem
1196 1137 1322 1181 grandi
1347 1138 1391 1171 de
1415 1138 1541 1172 lumine
1566 1151 1701 1185 nempe.

785 1189 956 1223 Militibus
979 1190 1107 1223 densus
1131 1197 1166 1224 et
1188 1191 1274 1224 miro
1298 1192 1426 1226 lumine
1450 1200 1577 1236 septus,

784 1244 893 1288 Regis
915 1244 963 1276 ad
986 1244 1156 1287 ospicium
1179 1246 1398 1288 properabat.
1444 1247 1598 1292 Longius
1621 1250 1732 1293 ipsum

781 1296 970 1340 Aspiciunt
992 1298 1082 1329 servi
1105 1297 1303 1331 venientem
1326 1299 1479 1344 denique
1502 1302 1605 1346 regis,

783 1350 865 1383 Una
886 1350 983 1383 velut
1005 1350 1092 1383 silva
1114 1351 1286 1395 flagraret,
1309 1359 1402 1386 terra
1424 1355 1481 1388 vel
1503 1355 1590 1399 ipsa,

782 1404 842 1437 Sic
866 1404 1066 1447 apparebat,
1089 1415 1150 1437 rex
1172 1406 1240 1439 hoc
1264 1417 1402 1450 quoque
1426 1409 1672 1451 prospiciebat.

783 1458 914 1491 Contra
937 1467 1040 1501 quem
1063 1468 1211 1491 noscens
1233 1459 1325 1493 idem
1348 1470 1411 1493 rex
1433 1462 1483 1494 nil
1506 1462 1609 1497 modo
1632 1474 1744 1507 posse,

782 1510 892 1544 Retro
914 1511 1030 1544 redire
1053 1511 1118 1544 sibi
1141 1519 1256 1556 grates
1278 1524 1490 1559 magnasque
1514 1517 1655 1550 remisit.

221 664 240 678 c.
255 659 306 682 JSr

671 775 736 802 1055

209 924 284 947 Mun„
301 930 338 949 337

666 1036 736 1061 1060

783 1635 865 1669 XV.
889 1636 995 1678 ,Quod
1014 1635 1220 1681 Bonesacius
1242 1640 1408 1672 studiosus
1420 1638 1502 1683 suit
1522 1642 1559 1673 in
1581 1642 1706 1675 divim‘s
1728 1644 1836 1677 rebus.

779 1720 927 1755 Actibus
949 1727 986 1754 ut
1008 1723 1129 1756 mundi
1152 1722 1364 1757 Bonefacius
1386 1724 1452 1758 iste
1476 1726 1640 1767 refulsit,'

785 1775 844 1808 Sic
869 1775 952 1808 cluit
975 1775 1011 1808 in
1034 1776 1138 1809 factis
1161 1777 1287 1810 divinis
1309 1788 1351 1811 ac
1376 1780 1594 1813 venerandis.

781 1828 972 1862 Pontifices
995 1839 1112 1862 sacros
1135 1829 1256 1863 habuit
1278 1841 1381 1874 quam
1405 1833 1556 1866 maxime
1581 1844 1691 1875 caros,

783 1881 872 1924 Ipsis
895 1882 1048 1916 donabat
1070 1894 1159 1926 quae
1183 1884 1317 1929 cgnsuit
1339 1885 1393 1917 his
1416 1885 1493 1918 fore
1517 1893 1625 1930 grata.

783 1934 983 1968 Psallebant
1005 1946 1142 1979 semper
1165 1937 1337 1980 capellani
1360 1945 1561 1972 reverenter

782 1989 895 2022 Horas
917 1995 1106 2022 nocturnas
1128 1990 1194 2023 sibi
1218 1991 1416 2034 cotidieque
1441 1992 1597 2027 diurnas:

786 2042 898 2075 Nemo
921 2043 1116 2086 cappellam
1138 2053 1242 2086 nuper
1264 2044 1376 2086 ipsum
1400 2046 1518 2087 presul
1540 2047 1701 2081 habebat.

783 2095 915 2128 Dilexit
939 2096 1080 2135 clerum,
1104 2096 1166 2129 sed
1190 2107 1232 2129 eo
1255 2097 1462 2130 monachum
1487 2110 1587 2144 mage
1609 2113 1739 2134 verum.

783 2149 932 2192 Propria
954 2155 1102 2192 peccata
1124 2159 1315 2194 generosus
1337 2151 1396 2184 hic
1420 2157 1521 2195 atque
1544 2154 1669 2196 piacla,

783 2202 871 2235 Cum
895 2202 1009 2235 studio
1032 2213 1158 2247 magno
1180 2203 1359 2246 pandebat
1382 2204 1550 2239 fratribus
1572 2217 1663 2240 anno

782 2255 897 2294 Omni,
919 2255 1114 2299 Pomposae
1137 2256 1277 2290 Christo
1302 2258 1558 2298 famulantibus,
1582 2270 1642 2293 ore

782 2307 869 2341 Cum
891 2309 1034 2352 proprio
1057 2309 1225 2354 plangens
1249 2321 1328 2343 cum
1351 2311 1469 2352 corde,
1493 2319 1614 2355 petens
1637 2314 1853 2359 veniamque.

782 2363 922 2395 Fratres
944 2373 986 2395 ac
1010 2362 1117 2396 abbas
1138 2364 1212 2396 eius
1234 2364 1363 2397 delicta
1386 2364 1558 2404 lavabant,

784 2415 990 2449 Aecclesiae
1014 2427 1161 2459 quorum
1184 2417 1286 2450 solito
1310 2418 1417 2451 dabat
1439 2419 1570 2462 optima
1594 2421 1704 2454 dona:

783 2469 864 2502 Rex
888 2469 1015 2502 etenim
1037 2481 1213 2514 nunquam
1236 2471 1334 2504 dedit
1356 2472 1446 2504 ullus
1468 2473 1517 2506 ibi
1539 2473 1693 2507 meliora.

665 1734 735 1760 1070

216 1783 236 1798 c.
249 1778 298 1803 3811

667 2002 735 2029 1075

668 2263 737 2288 1080

476 2589 502 2606 v.
521 2581 604 2613 1052)
627 2582 692 2607 Caco
712 2585 808 2611 marte,
827 2589 882 2606 con
902 2590 939 2606 un
960 2583 1069 2608 assaltu
1089 2583 1116 2607 al
1135 2583 1220 2608 bulo=
1233 2591 1284 2617 par

387 2622 417 2646 di
435 2624 533 2655 caplre
551 2623 588 2648 da
607 2622 653 2648 cio
673 2623 724 2648 che
743 2631 841 2657 segue;
861 2623 959 2656 percio
986 2625 1013 2649 la
1039 2626 1228 2657 precauzlone
1253 2627 1282 2651 di

388 2664 541 2690 Bonlfacio
560 2665 590 2691 di
608 2666 707 2699 portat
725 2673 780 2691 con
800 2665 829 2691 se
847 2667 931 2691 molti
957 2667 1038 2692 lumi.

475 2716 502 2734 v.
520 2707 604 2740 1054)
623 2709 716 2734 Secum
735 2709 846 2742 vigilet,
866 2716 957 2742 venga
977 2717 992 2734 a
1011 2710 1106 2743 veglia
1125 2718 1179 2735 con
1199 2710 1249 2735 lui.

344 2755 358 2780 5
475 2759 502 2775 v.
520 2751 598 2782 1⁰⁶1)
618 2752 729 2776 multam
748 2753 894 2777 columnam
914 2752 942 2776 la
962 2759 1113 2778 numerosa
1138 2754 1283 2784 colonna3

387 2791 531 2825 l’agguato
541 2801 587 2819 era
600 2794 713 2826 dunque
727 2795 879 2828 preparato
891 2795 967 2820 nella
979 2796 1074 2821 strada
1085 2804 1193 2828 oscura,
1208 2797 1284 2822 forse

387 2834 434 2859 dal
453 2836 530 2860 servi
547 2837 624 2861 sotto
643 2837 799 2862 ricordati=
818 2838 913 2862 sibi:
927 2838 979 2863 illi.

473 2919 570 2944 Prima
590 2920 619 2945 di
638 2921 783 2946 ticon-dare
802 2922 811 2945 l
830 2922 903 2947 torti
929 2922 959 2947 di
978 2923 1134 2948 Bonifacio
1153 2931 1236 2948 verso
1255 2924 1284 2949 la

388 2959 500 2992 chiesa,
521 2962 628 2994 troppo
648 2962 712 2987 noti
731 2961 832 2995 perche
850 2966 963 2997 potesse
982 2964 1091 2995 tacerli,
1104 2965 1139 2990 D.
1153 2967 1285 2999 presenta

328 3006 361 3024 ιο
390 3001 412 3025 ll
431 3000 574 3027 Marchese
593 3010 673 3028 come
692 3006 895 3030 sinceramente
915 3006 973 3038 plo.

1426 2594 1453 2610 v.
1473 2584 1553 2619 1072)
1568 2587 1710 2620 pontifice:
1728 2595 1828 2619 sacros,
1841 2588 1851 2612 i
1865 2590 1979 2614 vescovi
1993 2597 2008 2614 e
2027 2597 2095 2621 non,
2108 2590 2118 2614 l
2131 2589 2234 2616 sommi
2251 2595 2263 2618 J

1338 2627 1472 2659 pontefici
1483 2637 1489 2651 ε
1504 2630 1611 2660 quanto
1624 2629 1681 2653 alla
1694 2636 1745 2655 sua
1758 2629 1930 2662 generossta,
1949 2629 1964 2655 ὲ
1978 2631 2013 2656 da
2026 2633 2126 2662 notare
2139 2632 2190 2657 che
2201 2632 2233 2658 B.

1339 2668 1455 2694 donava
1468 2670 1503 2694 ad
1518 2671 1613 2695 alcuni
1630 2672 1744 2696 vescovi
1757 2672 1854 2704 quello
1867 2673 1918 2697 che
1935 2673 2063 2706 tognevn
2083 2674 2142 2707 agli
2155 2674 2233 2700 altri.

1428 2720 1454 2736 v.
1476 2713 1541 2743 1076
1561 2722 1574 2737 e
1592 2712 1668 2746 sgg.)
1687 2712 1792 2742 Queste
1810 2715 1870 2739 lodi
1891 2715 2045 2741 ricordano
2057 2715 2151 2748 quelle
2163 2723 2245 2742 com,

1339 2754 1431 2779 simili
1450 2755 1515 2779 date
1534 2763 1548 2780 a
1568 2755 1688 2780 Matilde
1707 2756 1757 2780 che
1777 2758 1799 2780 si
1819 2758 1988 2790 prestat-ono
2013 2766 2029 2783 a
2053 2758 2165 2792 curiose
2189 2759 2232 2784 ln-

1340 2797 1544 2828 terpretazioni

1457 2859 1573 2883 Vestibus
1592 2862 1618 2883 et
1636 2860 1711 2884 vasis
1724 2860 1857 2890 preciosis
1875 2861 1929 2885 rite
1947 2862 2064 2887 sacratis

1445 2901 1546 2925 Nullus
1564 2904 1592 2925 et
1605 2902 1703 2931 presul
1719 2902 1864 2926 studiosior
1881 2903 2060 2928 inveniretur.
2077 2901 2123 2936 (11,
2145 2901 2277 2948 1368),

1421 2975 1447 2991 v,
1462 2966 1538 2998 1077)
1548 2966 1640 2992 Solito
1651 2967 1803 2992 ritornello
1813 2968 1887 2993 della
1898 2969 2062 3001 preserenza
2074 2970 2100 2995 al
2111 2969 2238 2996 monaci.>
2254 2950 2278 2998 l

1425 3017 1451 3033 v.
1470 3008 1548 3041 1078)
1562 3010 1667 3040 piacla,
1681 3010 1803 3041 piacula,
1823 3009 1928 3035 delitti.
2264 3014 2266 3016 ’
