2288 3476
125 289 134 299 .
153 269 350 304 1111-1112]
607 263 858 300 HISTORIA
886 262 1318 300 MEDIOLANENSIS
1830 263 1873 298 19

52 395 200 430 ,Θααιο
230 395 486 439 Testaguadum
518 401 552 428 et
575 395 632 428 alii
664 394 783 429 clerici
806 402 841 428 et
862 396 1074 434 sacerdotes,
1106 395 1230 428 milites
1261 400 1296 428 et
1320 395 1424 432 cives,
1455 405 1541 438 quos
1564 405 1632 428 non
1664 394 1877 434 vocabimus,

6 445 9 495 ξ
50 445 63 470 Γ
82 449 226 483 venient
247 455 282 481 et
303 449 429 489 iurent,
453 455 571 482 tenere
593 448 807 487 sententiam,
832 459 934 492 quam
958 459 1020 481 nos
1043 448 1165 482 decem
1189 454 1223 481 et
1246 454 1327 482 octo
1352 448 1510 481 dabimus
1532 448 1606 480 sine
1637 447 1812 480 discordia
1845 452 1880 480 et

50 515 59 534 z
75 502 240 535 scismate
264 502 308 535 de
332 502 526 535 Grosulano
550 501 700 535 tenendo
723 502 795 534 sive
819 502 1038 542 dimittendo,
1061 501 1134 534 sive
1159 502 1202 534 de
1227 501 1309 534 allia
1331 511 1491 544 persona,
1515 512 1616 544 quam
1639 511 1703 534 nos
1734 511 1880 534 concor-

76 555 176 589 ‘diter
204 555 416 598 eligemus„.
462 555 624 588 Guazone
647 560 682 587 et
703 554 873 588 Amizone
896 554 1121 597 poscentibus
1143 555 1201 593 ita,
1225 565 1289 596 pro
1311 565 1414 596 posse
1437 565 1515 587 meo
1539 554 1662 592 restiti3
1687 560 1723 587 et
1748 553 1878 596 populo

94 613 213 642 esente
237 608 307 640 illis
329 608 414 641 dixi:
445 610 459 625 ‘⁴
472 607 600 646 Abraa,
617 618 682 640 nec
705 608 829 651 aliquis
844 608 956 640 fidelis
971 608 1075 640 homo
1098 607 1240 641 veteris'
1264 608 1460 640 testamenti
1475 607 1531 640 vel
1548 608 1628 639 novi
1646 607 1714 639 tale
1739 606 1875 639 consci-

55 661 166 705 „lium
196 662 305 701 dedit,
328 672 394 694 nec
418 661 610 704 suscepit„.
648 661 898 695 Verumtamen
920 667 954 694 et
977 662 1042 694 hoc
1066 662 1262 704 precedens
1291 667 1544 694 sacramentum
1568 667 1602 693 et
1626 661 1693 694 hoc
1721 670 1879 703 sequena,

67 720 142 748 cut
155 726 176 747 a
200 715 363 748 Guazone
385 715 531 748 Cumino
547 721 582 748 et
598 715 765 748 Amizone
782 715 825 747 de
843 714 875 746 la
892 714 973 747 Sala
996 715 1154 758 exposita
1175 720 1210 747 et
1225 714 1376 757 expetita
1391 720 1479 754 sunt,
1495 714 1582 747 sicut
1597 725 1618 747 a
1633 713 1880 757 prenominatis

67 771 71 790 ἵ
85 768 188 801 ericis
209 773 244 800 et
266 767 374 807 laicis,
397 774 432 800 et
453 767 630 801 Landulfo
656 768 818 811 Carogna
849 774 883 800 et
906 767 1075 800 Yordano
1099 768 1142 800 de
1172 767 1262 800 Clivi
1285 767 1486 810 presbiteris
1518 767 1712 805 ordinariis,
1734 766 1878 810 aliisque

60 838 77 848 ³
100 820 250 854 sbiteris
271 827 375 864 atque
397 820 547 860 clericis,
571 820 733 853 militibus
757 821 860 853 etiam
884 827 918 854 et
940 820 1083 863 civibus,
1107 820 1217 853 iurata
1240 827 1330 860 sunt,
1354 831 1408 852 me
1433 820 1609 853 humiliter
1630 831 1783 853 seorsum
1807 820 1880 852 exi-

51 879 81 911 j
100 879 167 906 nte.
213 873 401 907 Sciendum
431 875 559 918 quippe
584 880 645 914 est,
669 874 762 917 quod
792 872 993 912 Ardericus,
1018 873 1210 907 Laudensis
1238 873 1431 916 episcopus,
1456 874 1632 907 licentiam
1654 873 1793 918 jurandi
1816 873 1881 906 ista

55 923 158 966 ¹¹·dit,
181 933 216 960 et
238 926 429 960 Ardericus
452 927 496 961 de
519 927 692 960 Carimate
714 926 869 970 primitus
893 926 1064 959 licentiam
1087 927 1186 959 istam
1209 926 1362 969 suscepit
1385 933 1419 959 et
1432 927 1560 971 juravit
1576 933 1611 960 et
1633 927 1815 969 primatum
1839 936 1880 959 ac

46 974 254 1014 &testatem
270 991 374 1023 super
389 981 456 1014 hoc
480 980 654 1023 negotium
676 980 742 1012 sibi
766 980 967 1013 vindicavit.
1014 978 1106 1018 Quia
1128 984 1207 1022 post
1230 979 1370 1012 multam
1393 980 1698 1022 pertractationem
1724 980 1768 1012 de
1793 979 1879 1012 Gro-

74 1033 168 1066 lano
191 1033 395 1066 dimittendo
418 1033 474 1066 vel
496 1033 658 1071 tenendo,
681 1039 785 1076 atque
809 1033 853 1065 de
877 1033 1044 1066 Yordano
1069 1033 1232 1077 eligendo
1260 1033 1314 1065 vel
1338 1043 1406 1065 non
1431 1033 1604 1076 eligendo,
1635 1033 1771 1065 demum
1795 1033 1882 1065 dixit

58 1103 63 1114 ι
80 1104 96 1115 ιι
107 1085 217 1124 nibus,
238 1087 274 1118 in
290 1087 356 1119 isto
372 1086 527 1129 conjurio
543 1085 606 1118 sibi
623 1086 826 1130 conjuratis:
847 1086 861 1102 “
875 1086 1005 1119 Procul
1020 1085 1125 1118 dubio
1140 1086 1274 1123 scitote,
1290 1095 1360 1118 non
1376 1084 1542 1118 dimittam
1560 1086 1799 1123 Grosulanum‚
1816 1086 1882 1118 nisi

50 1143 68 1148 ”
82 1139 233 1173 habuero
248 1145 455 1182 potestatem
472 1139 623 1183 eligendi
639 1139 842 1172 Yordanum
856 1162 886 1179 „.
932 1139 976 1171 Et
998 1144 1142 1181 propter
1163 1138 1228 1170 hec
1252 1138 1446 1182 hujusmodi
1461 1137 1624 1170 Arderici
1647 1139 1751 1171 verba
1776 1139 1884 1171 corda

47 1190 65 1224 (i
76 1193 195 1229 lorum,
210 1193 268 1236 qui
285 1192 514 1226 Grosulanum
530 1197 564 1224 et
586 1192 745 1225 Yordani
761 1192 969 1225 electionem
993 1190 1202 1234 spernebant
1225 1191 1319 1224 facta
1343 1197 1421 1223 sunt
1437 1192 1534 1234 quasi
1557 1191 1695 1234 lapidea
1712 1197 1747 1224 et
1763 1192 1883 1224 volun-

45 1244 112 1285 fti
134 1244 296 1279 Arderici
320 1245 504 1290 conligata.

136 1342 189 1377 31.
213 1361 255 1366 —
278 1342 351 1376 Sed
374 1352 451 1374 cum
473 1342 510 1374 in
532 1341 652 1375 ultimo
676 1342 732 1375 die
757 1342 952 1375 decembris
976 1342 1167 1375 Ardericus
1189 1342 1248 1374 ille
1273 1347 1306 1374 et
1323 1342 1444 1375 decem
1468 1348 1598 1384 septem
1623 1342 1694 1374 allii
1717 1347 1830 1375 essent
1845 1342 1880 1374 in

47 1396 240 1430 oncordia
260 1395 413 1439 eligendi
434 1395 649 1435 Yordanum‚
680 1405 746 1438 ego
773 1395 867 1438 jussu
898 1394 1039 1428 Andree
1069 1395 1271 1438 primicerii,
1301 1395 1573 1438 presbiteromrn
1605 1401 1639 1427 et
1671 1395 1879 1428 clericorum

69 1459 316 1482 ·cumanorum
330 1447 677 1482 ‘Mediolanensium
701 1449 745 1480 ad
769 1459 830 1482 eos
852 1448 932 1481 veni
956 1454 1000 1487 et,
1024 1454 1062 1481 ut
1083 1449 1157 1491 ipse
1181 1449 1399 1491 primicerius
1421 1448 1527 1480 michi
1544 1449 1715 1491 precepit,
1731 1449 1781 1481 eis
1797 1449 1880 1487 dixi,

44 1502 143 1536 uod
165 1502 252 1535 male
276 1501 446 1535 consiliati
470 1507 578 1535 erant.
624 1501 873 1534 Verumtamen
897 1502 963 1545 ipsi
987 1502 1187 1534 conscilium
1203 1512 1271 1534 non
1295 1507 1524 1534 mutaverunt.
1571 1501 1642 1534 Sed
1658 1513 1758 1535 mane
1774 1503 1881 1540 facto,

43 1555 212 1589 ·'delicet
241 1555 402 1588 kalendis
429 1555 588 1598 januarii,
618 1553 807 1588 Ardericus
837 1554 932 1588 idem
964 1565 1042 1587 cum
1072 1555 1291 1588 vicedomino
1322 1562 1357 1587 et
1381 1555 1505 1588 ceteris
1535 1554 1600 1588 sibi
1633 1555 1824 1600 conjuratis
1846 1556 1880 1588 in

25 1609 232 1654 gbjciendo
257 1609 497 1646 Grosulanum,
521 1608 576 1640 vel
599 1608 636 1640 in
659 1608 882 1651 suscipiendo
904 1613 964 1641 aut
985 1609 1022 1640 in
1037 1608 1157 1640 allium
1174 1607 1337 1652 eligendo
1361 1608 1662 1652 archiepiscopum
1686 1609 1858 1642 catholice
1871 1609 1882 1626 ¹

43 1679 65 1707 >›
82 1662 217 1706 ·lpitum
241 1661 412 1700 ascendit3
437 1668 472 1694 et
486 1662 582 1694 facto
605 1661 765 1695 scilentio
781 1662 817 1693 in
833 1661 974 1704 populo,
1000 1672 1116 1694 coram
1140 1661 1202 1694 illa
1217 1661 1366 1694 maxima
1382 1662 1603 1695 multitudine
1619 1663 1765 1705 loquens
1781 1662 1879 1695 dixit:

43 1719 53 1736 ⁶
81 1715 155 1749 Nos
178 1715 274 1749 salva
297 1715 490 1749 reverentia
505 1725 607 1758 pape,
623 1716 810 1748 secundum
835 1716 1051 1748 autoritatem
1075 1722 1110 1748 et
1123 1714 1288 1758 justitiam
1311 1726 1485 1748 canonum
1509 1715 1664 1754 diximus,
1682 1717 1775 1759 quod
1792 1716 1880 1749 Gro-

22 1787 23 1790 κ
47 1801 52 1806 ,
80 1769 220 1802 sulanus
234 1779 304 1802 non
319 1774 436 1812 potest
451 1779 526 1801 esse
543 1767 835 1811 Archiepiscopus
858 1767 1049 1801 Mediolani
1064 1792 1094 1808 „.
1140 1769 1209 1801 Isto
1234 1769 1328 1801 dicto
1345 1774 1380 1800 et
1404 1769 1615 1807 confirmato,
1638 1769 1734 1802 illico
1750 1769 1882 1812 presbi-

22 1818 28 1857 s
42 1823 52 1860 ..⁷
84 1833 159 1855 rum
182 1822 387 1856 Yordanum
410 1822 455 1855 de
477 1822 569 1855 Clivi
593 1821 700 1866 elegit
721 1822 758 1854 in
781 1821 1084 1864 archiepiscopum
1099 1821 1123 1854 ³.

135 1921 189 1953 32.
213 1938 253 1943 -
277 1919 355 1952 Hoc
377 1930 455 1952 cum
478 1919 648 1961 presbiter
668 1919 866 1960 Liprandus
890 1919 1023 1952 audivit
1046 1924 1217 1962 aegrotus,
1242 1930 1262 1951 a
1284 1920 1376 1952 lecto
1399 1919 1538 1957 surexit,
1563 1925 1597 1952 et
1619 1920 1655 1952 in
1686 1919 1794 1952 altera
1825 1920 1882 1952 die

25 1980 33 2010 ·ῑ
74 1971 96 2006 li
111 1972 225 2006 electo
240 1973 370 2016 piscem
386 1972 510 2005 obtulit
526 1972 659 2005 dicens:
682 1973 696 1990 “
710 1972 848 2005 Gratias
870 1973 957 2011 Deo,
974 1972 1066 2015 quod
1081 1983 1173 2005 nunc
1189 1972 1294 2005 michi
1310 1972 1541 2006 testimonium
1557 1984 1620 2015 per
1636 1973 1771 2006 hibetis.
1810 1972 1882 2006 Sed

47 2026 56 2036 ²
82 2026 142 2064 hii,
159 2027 218 2070 qui
233 2031 267 2060 te
282 2026 461 2069 elegerunt
475 2026 512 2057 in
528 2025 837 2068 archiepiscopum,
854 2025 942 2058 male
959 2026 1131 2063 fecerunt3
1150 2031 1184 2058 et
1200 2026 1294 2058 Deus
1309 2025 1377 2058 illis
1393 2026 1602 2067 misereatur,
1618 2027 1700 2069 quia
1711 2032 1748 2059 tu
1765 2037 1884 2068 posses

24 2115 27 2119 v
48 2109 52 2116 ,
79 2090 155 2113 esse
177 2090 266 2112 unus
287 2079 398 2112 bonus
419 2078 591 2122 presbiter
613 2079 657 2111 de
682 2079 842 2111 claustro.
888 2079 989 2111 Nunc
1012 2085 1126 2111 autem
1150 2079 1320 2112 masculus
1338 2085 1436 2123 esto„
1454 2079 1476 2112 ⁴.
1523 2080 1609 2112 Cum
1625 2086 1735 2112 autem
1754 2079 1885 2112 electus

87 2142 107 2166 e
122 2143 189 2165 nec
210 2132 334 2176 aliquis
356 2131 401 2165 de
424 2138 476 2164 tot
498 2131 821 2165 circumstantibus
811 2132 879 2174 1psi
896 2131 1089 2174 presbitero
1104 2132 1351 2174 respondisset,
1374 2133 1545 2174 presbiter
1568 2133 1643 2174 ipse
1659 2133 1884 2176 propinquius

94 2185 206 2225 cessit,
228 2190 264 2219 et
286 2185 462 2218 osculatus
483 2185 685 2228 Jordanum,
707 2185 798 2217 sicut
818 2196 922 2216 unum
945 2185 990 2218 de
1015 2185 1138 2218 ceteris
1167 2184 1410 2218 sacerdotibus
1438 2186 1612 2229 relinquit.
1657 2186 1885 2228 Landulphus

24 2250 51 2279 g
70 2244 164 2272 utem
187 2233 344 2271 Astensis
367 2239 551 2281 episcopus
573 2244 608 2270 et
636 2237 802 2271 Arialdus
832 2238 1027 2270 Yanuensis
1058 2244 1092 2271 et
1122 2238 1323 2271 Mainardus
1352 2239 1579 2271 Taurinensis
1602 2249 1672 2272 non
1695 2239 1806 2272 solum
1838 2240 1883 2272 ad

48 2292 276 2326 ·sculandum
300 2297 485 2328 venerunt·
507 2290 570 2324 sed
593 2291 688 2334 quasi
711 2297 749 2324 ut
772 2290 973 2324 ordinarent
995 2301 1074 2324 eum
1098 2291 1311 2334 episcopum,
1334 2292 1369 2323 in
1385 2293 1541 2335 sequenti
1564 2303 1682 2325 mense
1707 2293 1884 2325 februario

37 2345 95 2380 d
116 2345 228 2388 ipsum
253 2350 430 2377 venerunt.
477 2344 548 2377 Sed
570 2344 725 2378 Astensis
755 2355 834 2376 cum
864 2345 1018 2383 vidisset,
1049 2345 1252 2387 episcopum
1282 2344 1505 2388 Aquensem⁸
1536 2352 1572 2379 et
1601 2345 1819 2379 Laudensem
1851 2352 1886 2378 et

30 2403 65 2451 3
63 2397 201 2431 eteros'
223 2398 450 2441 suffraganeos
471 2404 506 2430 et
521 2397 832 2439 comprovinciales
854 2397 1037 2440 episcopos
1052 2397 1133 2430 huic
1157 2398 1367 2431 ordinationi
1384 2404 1419 2431 et
1435 2399 1579 2431 novitati
1595 2399 1745 2441 abesse,'
1770 2399 1883 2432 innuit

55 2451 301 2502 ΙεεΙὶιιε,τὶ<>ιιιεῐιι
323 2450 483 2484 Yordani
505 2450 738 2484 differendam
761 2450 855 2489 fore3
880 2457 916 2483 et
937 2450 1031 2484 velut
1054 2451 1157 2484 homo
1180 2451 1299 2484 volens
1322 2452 1457 2495 fugere,
1486 2453 1616 2484 surexit
1638 2452 1674 2484 in
1706 2459 1819 2491 nocte,
1851 2458 1885 2485 et

64 2502 66 2505 ’
95 2515 128 2537 m
150 2505 220 2538 suis
241 2505 345 2537 rebus
366 2504 459 2546 cepit
481 2503 586 2536 abire.
631 2503 702 2537 Sed
734 2510 836 2537 cauta
858 2515 977 2537 manus
1007 2504 1166 2537 Yordani
1197 2505 1308 2546 ipsum
1339 2505 1521 2538 Astensem
1553 2506 1706 2544 retraxit,
1740 2507 1883 2550 ejusque

28 2557 208 2600 ..ῥξρίεοορί
229 2556 410 2590 diaconem
433 2556 635 2594 vulneravit,
664 2567 792 2599 pueros
822 2567 958 2600 quoque
990 2566 1109 2589 eorum
1140 2557 1338 2590 verberavit
1367 2564 1403 2590 et
1433 2559 1634 2600 expoliavit.
1680 2559 1746 2591 Die
1770 2565 1882 2591 autem

24 2594 44 2663 ξ]
74 2610 271 2650 dveniente‚
294 2610 412 2643 habita
435 2610 606 2648 cautione,
630 2610 786 2642 dominus
809 2610 994 2643 Yordanus
1015 2610 1162 2642 eundem
1186 2611 1398 2652 episcopum,
1414 2612 1511 2653 quasi
1533 2611 1686 2644 vinctum
1703 2617 1737 2644 et
1753 2612 1834 2644 abse
1844 2622 1882 2643 n-

24 2688 28 2703 l
39 2686 47 2693 ³

24 2706 31 2724 ἱ.

25 2778 29 2780 ,
48 2777 49 2780 Ἴ
144 2740 183 2765 18.
202 2740 277 2766 XXI.
294 2740 432 2772 jordanus
450 2740 481 2765 de
499 2740 570 2766 Clivi
588 2740 620 2765 in
639 2739 870 2772 archiepiscopum
890 2739 998 2772 eligitur
1010 2741 1034 2765 εἰ
1051 2741 1217 2765 consecratur

22 2827 33 2831 Η
140 2836 148 2853 ¹
168 2838 180 2863 1
198 2838 348 2863 Decumam'
367 2840 396 2863 in
423 2839 536 2872 origine
561 2846 647 2863 erano
672 2843 704 2870 72
730 2837 779 2871 poi
805 2839 939 2863 crebbero
994 2838 1084 2868 XXX;
1104 2838 1151 2864 Du
1171 2838 1285 2871 ennon,
1307 2846 1376 2863 voce
1394 2839 1551 2864 Decumani

25 2872 37 2908 ἓ·
61 2888 110 2905 uo
129 2888 144 2905 a
166 2887 224 2910 ¹00,
238 2881 313 2906 onde
325 2881 350 2906 si
363 2881 471 2905 dissero
485 2881 571 2905 anche
585 2881 658 2905 delle
670 2881 742 2905 cento
755 2879 850 2912 torulo:
865 2881 939 2913 preti
1082 2879 1093 2895 ²
1112 2879 1243 2905 Catholice
1263 2880 1325 2906 cio'e
1345 2882 1420 2906 nella
1439 2883 1572 2915 pubblica
1592 2882 1754 2906 assemblea.

22 2911 219 2956 !.*tiipendent1
239 2922 287 2947 dal
306 2923 470 2956 primicerio
490 2923 539 2947 che
551 2930 639 2948 erano
651 2923 762 2948 addetti
777 2923 803 2947 nl
817 2922 941 2947 servizio
1082 2921 1092 2938 ³
1111 2922 1260 2947 Glordano
1280 2923 1362 2948 viene
1382 2924 1470 2948 eletto
1485 2925 1506 2948 il
1522 2925 1614 2956 primo
1627 2925 1752 2956 germaio
1769 2931 1834 2949 1112
1850 2924 1883 2948 ed
1917 2934 1948 2951 ιο

34 2957 65 2990 ἕ.
71 2965 125 2990 elle
149 2965 303 2998 principali
330 2965 470 2990 basiliehe
496 2965 526 2990 di
549 2965 666 2990 Milano.
703 2964 941 2994 Cf.Pumcm.1.1‚
994 2963 1009 2990 ὲ
1028 2967 1196 2990 consacrato
1216 2965 1261 2989 nel
1282 2965 1409 2990 febbraio
1429 2969 1570 2999 seguente.

26 3004 32 3031 .¹.
51 3006 92 3028 ’”
119 3007 247 3032 maxim
266 3007 375 3032 inedita
394 3007 635 3032 all‘Ambrosiana
661 3014 738 3040 segn.
757 3006 789 3038 C,
811 3006 851 3040 76,
872 3007 942 3036 Ins.,
1085 3005 1096 3022 ⁴
1115 3006 1258 3032 Masculus
1277 3006 1340 3033 eloe
1358 3008 1406 3033 vir.

24 3037 65 3099 ζμ·
77 3055 237 3081 mmmmm,
256 3048 393 3075 Antichita
409 3048 521 3080 Longob.
546 3048 622 3078 Mil„
648 3051 727 3074 tomo
749 3048 797 3080 m,
822 3049 942 3074 Dissert.
1084 3047 1095 3064 ⁵
1114 3050 1229 3074 Azzone
1251 3057 1371 3075 vescovo
1391 3051 1419 3075 di
1440 3050 1515 3083 Aqui
1537 3060 1551 3075 e
1570 3051 1709 3076 Arderico
1728 3052 1756 3076 di
1776 3051 1862 3076 Lodi-

1957 621 1977 637 e.
1992 616 2041 636 διν

1975 2395 1996 2411 c.
2009 2390 2060 2414 sjr

1954 2417 2031 2442 Mun..
2045 2422 2084 2442 ⁴9²
