2288 3476
379 277 624 314 CARMINE
652 277 873 313 SCRIPTA
901 276 939 312 A
966 275 1246 313 DONIZONE
1273 274 1621 311 PRESBYTERO

470 399 643 442 Ingenuos
667 399 756 432 vitae
779 405 858 442 post
879 399 986 442 ipsius
1008 400 1086 431 fore
1110 399 1224 431 finem.

475 453 570 496 Egra
591 453 709 485 iacens
731 460 863 495 septem
887 463 951 495 per
973 461 1110 485 menses
1132 452 1219 485 haec
1243 451 1446 493 eademque,

360 519 429 545 ¹490
474 504 567 539 Ante
591 506 731 539 domum
754 506 837 539 lecti
860 505 1050 538 recubabat
1071 505 1131 538 ubi
1153 505 1281 548 iugiter
1304 504 1365 542 sic,

476 558 578 592 Iussit
600 559 732 591 honore
757 559 823 591 Dei
845 558 1034 601 Iacobique
1057 558 1107 600 pii
1131 557 1297 597 Zebedei,

474 612 671 645 Acclesiam
695 623 836 655 parvam
860 613 943 651 fieri,
966 612 1034 644 fuit
1057 618 1091 644 et
1114 612 1185 644 cito
1210 611 1314 644 facta.

472 665 584 699 Officii
609 671 731 706 vestes,
756 671 792 698 et
814 676 918 710 agros
941 666 985 698 ad
1007 665 1135 708 pabula
1158 674 1308 702 mensae.

473 717 607 751 Obtulit
630 718 711 750 huic
733 718 852 762 gratis,
875 718 967 750 hanc
989 717 1107 760 presul
1129 717 1269 760 quando
1294 716 1433 749 dicavit.

473 771 574 804 More
597 781 659 804 suo
682 772 819 804 missam
842 771 1015 804 recubans
1037 771 1170 803 audivit
1192 771 1228 802 in
1251 769 1353 812 ipsa.'

475 824 585 857 Huius
607 825 771 857 mortales
794 824 989 867 exemplum
1015 823 1141 857 discite
1164 824 1241 864 tale,

474 877 577 916 Quae
599 877 737 911 Christo
762 878 892 916 vivens,
916 877 1078 915 moriens,
1101 876 1243 909 servivit
1266 876 1393 915 eidem,

472 931 543 964 Sex
566 931 753 974 deciesque
776 940 903 963 novem
927 931 1050 963 vivens
1073 940 1182 963 annos
1204 930 1240 962 in
1263 929 1405 967 honore,

472 984 578 1017 Iulius
601 990 681 1017 ante
705 985 780 1017 dies
803 989 883 1016 octo
908 994 1010 1027 quam
1035 984 1096 1016 det
1118 994 1227 1027 prope
1251 984 1364 1022 finem,

473 1037 615 1070 Scilicet
637 1044 718 1070 ante
742 1037 835 1070 diem
859 1037 1034 1069 celebrem
1057 1036 1178 1069 Iacobi
1193 1035 1359 1075 Zebedei,

473 1090 609 1133 Corpus
633 1091 666 1123 ei
689 1090 820 1123 Christi
843 1090 1042 1133 pariterque
1067 1099 1208 1122 crucem
1223 1089 1393 1128 crucifixi,

474 1144 634 1176 Por-rexit
654 1143 774 1186 presul
798 1143 957 1186 Reginus
982 1143 1091 1176 corde
1114 1152 1267 1182 serenus,

474 1197 615 1240 Quique
638 1197 870 1230 Bonussenior
893 1196 1036 1239 proprio
1059 1197 1096 1228 fit
1119 1196 1259 1229 nomine
1287 1196 1409 1229 dictus.

472 1251 513 1284 In
536 1250 693 1284 manibus
717 1251 826 1290 cuius,
849 1251 1025 1283 comitissa
1047 1249 1228 1283 Mathildis
1251 1250 1294 1282 ab
1317 1251 1417 1282 huius

471 1303 648 1337 Aerumna
671 1303 754 1336 secli
778 1304 908 1347 iugiter
930 1303 1156 1336 memoranda
1179 1303 1325 1336 recedit.

472 1358 513 1390 In
537 1367 641 1390 cruce
663 1368 743 1389 nam
766 1357 896 1390 Christi
919 1367 981 1389 sua
1002 1357 1111 1399 figens
1135 1356 1265 1395 oscula,
1291 1356 1392 1390 dixit:

480 1410 561 1443 “Te
585 1410 677 1443 colui
701 1421 850 1453 semper,
873 1421 952 1442 mea
975 1419 1068 1441 nunc
1091 1419 1177 1452 rogo
1201 1409 1347 1442 crimina
1368 1415 1464 1453 terge
1479 1433 1493 1448 „

474 1463 664 1506 Accipiens
686 1462 818 1496 Christi
842 1472 971 1505 corpus
993 1462 1206 1502 venerabile,
1230 1462 1333 1495 dixit:

478 1519 493 1535 ‘⁴
507 1518 655 1560 Semper
678 1517 760 1550 dum
782 1517 863 1556 vixi,
886 1517 981 1548 Deus
1003 1517 1070 1549 hoc
1095 1516 1163 1549 scis
1185 1526 1282 1558 spem
1306 1515 1369 1548 tibi
1391 1516 1462 1554 fixi,

479 1574 494 1589 ¹⁴
508 1572 612 1605 Nunc
635 1572 671 1603 in
695 1572 762 1603 fine
786 1581 865 1603 meo
888 1580 944 1602 me
967 1571 1103 1603 salvans
1126 1571 1264 1613 suspice
1288 1580 1419 1613 quaeso
1433 1593 1463 1610 „‚

473 1625 534 1659 Sic
558 1635 660 1658 orans
683 1625 809 1668 migrat
832 1634 912 1656 mox
935 1624 1022 1656 haec
1045 1623 1184 1666 sapiens
1208 1623 1394 1656 comitissa.

563 1679 773 1721 Quanquam
797 1678 990 1716 credamus,
1014 1677 1110 1709 Deus
1133 1677 1214 1709 huic
1238 1687 1375 1720 quoque
1399 1677 1443 1710 sit
1466 1677 1658 1717 miseratus,

473 1733 590 1775 Ipsum
613 1741 715 1764 nemo
739 1737 855 1763 tamen
879 1730 924 1763 sit
946 1730 1005 1774 qui
1027 1741 1098 1763 non
1121 1730 1272 1773 postulet
1295 1730 1376 1770 alte,

473 1786 524 1820 Ut
543 1786 611 1819 sibi
634 1785 810 1818 concedat
831 1784 995 1828 paradysi
1018 1783 1147 1828 gaudia
1169 1794 1262 1817 vera.

471 1840 525 1872 Te
548 1839 739 1872 Benedicte
763 1837 866 1871 Pater
888 1837 1040 1871 moriens
1062 1837 1150 1870 haec
1175 1844 1274 1871 curat
1295 1848 1424 1878 amare,

472 1892 757 1936 Coenobiumque
779 1897 875 1925 tuum
900 1891 1030 1924 ditatur
1052 1901 1202 1934 corpore
1226 1891 1337 1932 cuius,

472 1947 537 1981 Cui
561 1956 668 1990 prece
692 1946 890 1979 demonstra
914 1944 1004 1977 caeli
1028 1954 1242 1989 cognoscere
1266 1951 1395 1988 portas.

472 2002 513 2034 In
536 2009 681 2033 numero
703 1999 813 2032 maior
837 1999 1054 2032 duodenario
1077 1998 1182 2031 Petre
1205 2005 1334 2041 pastor,

471 2053 537 2087 Cui
559 2054 724 2096 propriae
747 2058 877 2085 sortem
900 2052 1032 2085 telluris
1055 2051 1172 2085 subdit
1196 2061 1346 2092 omnem,

471 2107 600 2140 Valvas
622 2113 659 2140 tu
681 2106 782 2149 regni
805 2105 870 2138 sibi
892 2111 1027 2148 promte
1050 2106 1166 2148 pande
1189 2106 1340 2148 superni.

358 785 425 812 ¹495

2011 836 2030 850 c.
2046 830 2073 850 88
2086 835 2100 849 r

358 1051 428 1078 1500

357 1320 367 1337 ¹
374 1319 425 1345 505

359 1586 429 1612 1510

356 1854 424 1881 1515

2013 2070 2034 2086 c.
2047 2065 2100 2084 δᾶν

355 2122 426 2149 ¹5²0

65 2257 223 2282 'berazione
242 2257 288 2282 dei
309 2258 382 2289 suoi„
393 2258 478 2288 servi,
497 2257 555 2286 che,
575 2264 603 2281 se
621 2256 758 2289 eseguita,
778 2255 900 2281 avrebbe
920 2255 970 2279 do*

50 2312 59 2326 η.
74 2301 144 2324 vuto
164 2307 246 2324 avere
257 2306 453 2332 conseguenze
465 2299 650 2332 importanti=
670 2298 761 2323 anche
774 2305 802 2323 se
816 2305 890 2329 vera,
912 2305 970 2322 non

51 2339 90 2366 η»ἕ
107 2341 256 2374 probabile
275 2341 351 2366 fosse
368 2342 496 2374 eseguita
515 2340 665 2366 dall'erede
684 2340 842 2373 imperiale.

52 2377 56 2410 ,⁵
162 2391 189 2409 v.
208 2383 287 2416 1490)
307 2383 420 2409 Domum
439 2383 512 2413 lecti,
531 2383 558 2408 Ia
579 2390 689 2408 camera
708 2382 744 2407 da
763 2383 834 2408 letto
853 2381 911 2416 (ubi
927 2389 972 2406 re-

57 2424 205 2459 cubabat).
224 2425 287 2451 eloe
311 2425 430 2451 davanti
456 2424 619 2457 all’alcova,
648 2433 698 2458 per
717 2426 799 2459 poter
818 2424 900 2449 udire
925 2424 971 2449 dal

63 2468 149 2504 *letto
166 2468 195 2493 la
215 2476 314 2494 messa.

163 2518 190 2535 v.
209 2509 287 2543 1491)
306 2510 362 2535 San
382 2509 522 2536 Giacomo
541 2510 701 2543 maggiore:
716 2510 744 2534 la
758 2517 808 2534 sua
823 2509 893 2534 festa
905 2509 974 2533 cade

62 2551 106 2578 sal
126 2558 158 2584 25
178 2552 278 2585 luglio,
297 2560 312 2577 e
330 2552 452 2577 Matilde
471 2549 545 2577 mori
566 2552 594 2577 la
613 2552 720 2585 vigilia
740 2552 816 2576 della
836 2552 918 2576 resta.

61 2614 68 2627 ³>
164 2602 182 2618 v
201 2594 282 2627 1498)
299 2585 321 2619 Ε
340 2594 545 2619 l’indicazione
564 2594 779 2619 sondamentale
804 2601 854 2626 per
874 2594 901 2618 la
923 2601 972 2618 na-

63 2630 149 2662 ‘scita
168 2637 198 2661 di
217 2636 347 2666 Matilde,
367 2637 426 2666 che,
445 2644 474 2661 se
493 2637 539 2661 nel
555 2636 647 2670 luglio
669 2643 734 2667 1115
756 2643 824 2661 avea
844 2637 973 2668 compito

78 2679 87 2704 1
107 2677 142 2712 69
161 2680 240 2708 anni,
260 2678 350 2704 dovea
369 2686 459 2704 essere
479 2681 547 2704 nata
568 2679 611 2704 fra
631 2679 652 2703 il
668 2685 700 2710 24
719 2678 813 2711 lugllo
835 2685 902 2710 1045
922 2686 936 2703 e
951 2677 971 2702 il

52 2724 62 2743 -ῒ
78 2726 112 2753 24
130 2721 223 2754 luglio
244 2721 322 2753 1046,
341 2730 385 2746 11111
404 2721 419 2747 ὲ
446 2722 519 2746 assai
545 2721 696 2754 probabile
715 2721 745 2746 111
766 2728 853 2754 epoca
878 2720 974 2745 vicina

53 2756 63 2775 ’“
78 2762 136 2788 ι11ι
154 2764 276 2789 seconda
296 2764 371 2795 data,
392 2762 494 2796 perche
512 2763 547 2788 D.
574 2763 650 2788 forse
670 2763 788 2787 avrebbe
809 2764 975 2792 accennato,

55 2828 57 2830 .
79 2811 108 2830 se
126 2806 150 2830 si
170 2805 246 2831 losse
264 2806 388 2830 trattato
408 2805 438 2830 di
458 2812 515 2830 una
534 2805 615 2838 larga
635 2805 762 2829 srazione
781 2804 811 2828 di
832 2811 917 2829 anno.

52 2845 56 2875 2
167 2856 195 2874 v.
214 2846 299 2880 1502)
318 2847 496 2872 Bonseniore
510 2847 540 2871 dl
553 2845 663 2879 Regglo
683 2854 730 2871 era
749 2847 855 2871 intimo
875 2846 905 2870 di
919 2846 976 2870 Ma·

54 2886 59 2907 ἕ
78 2889 150 2915 tude
169 2897 183 2914 e
203 2889 232 2914 lo
251 2891 406 2920 troviamo,
432 2889 478 2914 nel
501 2888 576 2918 1106,
596 2896 650 2913 con
670 2888 790 2913 Matilde
810 2896 825 2913 a
844 2888 977 2917 Modena,

54 2920 58 2935 ἶ
78 2938 95 2956 a
112 2931 255 2966 compiere
280 2931 302 2956 il
329 2931 536 2956 delicatissimo
562 2930 669 2962 ufficio,
689 2931 745 2955 mal
765 2931 902 2955 tollerato
928 2930 976 2955 dal

56 2992 59 3000 f
80 2972 234 3005 Modenesi,
254 2974 285 2998 di
305 2975 400 3007 aprire
418 2974 511 2998 l'urna
531 2973 561 2998 di
580 2973 637 2998 San
657 2972 839 2998 Geminiano.
877 2972 976 2997 Cattu-

42 3024 57 3037 κ
80 3016 143 3040 rato
161 3022 178 3040 a
197 3015 290 3040 Roma
309 3016 354 3040 nel
378 3022 453 3047 1111,
481 3015 555 3040 dove
580 3021 649 3040 avea
674 3015 785 3047 seguito
809 3014 914 3040 Enrieo
943 3014 976 3044 V,

85 3063 174 3082 venne
199 3057 321 3082 liberato
348 3065 397 3090 per
423 3057 609 3082 l’intervento
634 3056 678 3081 del
703 3058 839 3090 capitano
865 3057 894 3082 di
918 3056 977 3082 Ma·

1025 2255 1105 2283 tilde,
1125 2254 1259 2280 Arduino
1279 2255 1315 2280 da
1334 2254 1451 2280 Palude.
1480 2256 1534 2280 Era
1553 2263 1650 2288 presso
1665 2264 1680 2281 a
1694 2255 1815 2281 Matilde
1835 2256 1924 2281 anche

1027 2306 1042 2322 a
1061 2297 1325 2323 Montebaranzone
1351 2298 1397 2323 nel
1422 2299 1532 2332 giugno
1558 2305 1634 2330 1114,
1653 2299 1768 2331 quando
1794 2299 1821 2323 la
1849 2299 1926 2324 Con-

1026 2342 1101 2365 tessa
1120 2348 1167 2365 era
1185 2342 1260 2366 stata
1279 2343 1463 2373 gravemente
1483 2342 1599 2366 malata.

1115 2390 1161 2407 vv.
1181 2388 1251 2414 1513
1270 2391 1284 2407 e
1302 2381 1379 2415 sgg.)
1397 2383 1593 2408 InvocazIOne
1613 2383 1641 2408 ai
1661 2383 1737 2408 santi
1751 2383 1899 2408 beneficati
1913 2392 1927 2408 e

1027 2425 1145 2450 onorati
1165 2425 1200 2450 da
1220 2425 1341 2450 Matilde
1361 2425 1392 2450 111
1414 2425 1488 2450 vita:
1515 2425 1672 2450 Benedetto
1699 2426 1749 2450 che
1768 2433 1839 2457 essa,
1865 2426 1926 2450 dice

1026 2467 1070 2497 D.‚
1091 2475 1160 2492 avea
1180 2468 1317 2493 merendo
1337 2468 1495 2493 arrlcchlto
1514 2469 1559 2493 del
1580 2476 1630 2493 suo
1651 2476 1748 2501 corpo,
1770 2469 1795 2493 le
1814 2469 1925 2494 indichi

1026 2510 1054 2534 la
1074 2510 1158 2542 porta
1179 2509 1223 2534 del
1250 2509 1325 2534 cielo
1349 2507 1377 2542 (ὲ
1403 2511 1501 2535 strano
1523 2510 1573 2534 che
1599 2511 1720 2543 proprio
1746 2510 1774 2534 la
1801 2511 1926 2541 Epieome

1027 2552 1184 2577 Polironesae
1203 2552 1267 2576 dica
1285 2551 1335 2576 che
1354 2551 1390 2576 D.
1404 2559 1462 2576 non
1483 2559 1606 2576 accenna
1620 2552 1693 2577 dove
1712 2551 1833 2577 Matilde
1852 2551 1867 2577 ὲ
1886 2560 1926 2577 se-

1028 2593 1136 2627 polta);
1163 2593 1270 2625 Pietro,
1297 2601 1347 2627 per
1372 2594 1394 2618 il
1421 2594 1517 2627 legato
1543 2595 1572 2618 di
1593 2596 1663 2619 tutti
1684 2595 1695 2619 i
1718 2595 1782 2619 suoi
1801 2594 1876 2624 beni,
1902 2595 1927 2620 le

1029 2644 1097 2670 apra
1116 2638 1315 2670 prontamente
1327 2637 1339 2660 i
1351 2637 1492 2667 battentl3
1504 2635 1652 2668 Giacomo,
1668 2645 1685 2662 a
1698 2637 1745 2661 cul
1763 2644 1853 2662 eresse
1866 2645 1927 2662 mo-

1028 2678 1150 2703 ribonda
1170 2685 1226 2702 una
1246 2678 1349 2709 chiesa,
1367 2678 1394 2703 le
1419 2686 1536 2703 accorra
1556 2679 1656 2703 vicino
1675 2679 1703 2703 al
1724 2679 1871 2704 tribunale
1898 2680 1926 2704 di

1029 2721 1102 2749 Dim
1123 2719 1298 2753 Apollonio,
1317 2721 1462 2753 malgrado
1488 2721 1513 2745 il
1535 2723 1604 2745 torto
1623 2720 1751 2753 sattogli
1768 2721 1799 2745 di
1822 2724 1927 2746 trascu-

1030 2770 1094 2788 rare
1113 2763 1138 2787 it
1153 2763 1273 2793 sepolcro
1292 2762 1338 2787 dei
1353 2764 1412 2788 suoi
1424 2763 1520 2794 padri,
1541 2762 1640 2787 chieda
1662 2770 1712 2795 per
1737 2762 1775 2787 lei
1800 2763 1928 2797 perdono

1030 2812 1046 2829 a
1065 2805 1124 2829 Dio
1143 2812 1192 2837 per
1211 2804 1254 2837 gli
1273 2806 1356 2829 onori
1378 2805 1446 2830 fatti
1466 2805 1492 2830 al
1513 2812 1564 2830 suo
1584 2804 1691 2835 altare;
1710 2804 1813 2834 Maria,
1832 2806 1863 2830 di
1883 2807 1927 2830 cui

1029 2846 1143 2872 asculta
1164 2848 1244 2871 notte
1263 2854 1278 2871 e
1296 2848 1401 2879 giorno
1415 2847 1544 2877 l’usfic10‚
1558 2847 1584 2872 le
1604 2849 1743 2880 permetta
1763 2847 1791 2872 dl
1814 2848 1928 2873 vederla

1032 2897 1046 2914 e
1064 2888 1185 2914 servlrla
1205 2890 1234 2913 in
1249 2889 1338 2914 cielo:
1352 2890 1421 2914 tutti
1436 2889 1447 2913 1
1467 2890 1542 2914 santi
1559 2889 1645 2914 lmine
1666 2897 1681 2914 a
1700 2891 1746 2914 cui
1768 2890 1826 2914 fece
1839 2897 1928 2915 onore

1032 2933 1061 2956 in
1084 2931 1153 2960 vita,
1173 2931 1308 2956 l’aiutino
1328 2932 1363 2956 ad
1382 2933 1543 2964 acquistare
1562 2932 1590 2956 la
1609 2939 1676 2964 pace
1695 2933 1801 2957 eterna.

1121 2982 1147 2998 v.
1167 2972 1249 3006 1518)
1262 2974 1360 2998 Pietro
1373 2974 1395 2998 il
1410 2975 1556 3007 maggiore
1569 2973 1615 2998 del
1634 2982 1746 3007 gruppo
1761 2974 1807 2999 del
1820 2974 1927 2999 dodici.

1121 3024 1148 3041 v.
1169 3015 1251 3048 1519)
1272 3024 1371 3041 omnem
1390 3019 1487 3041 sortem
1507 3017 1626 3046 telluris,
1646 3018 1723 3042 tutta
1741 3016 1770 3041 la
1797 3018 1928 3043 sostanza

1035 3058 1239 3083 lmmobiliare.

1955 2433 1987 2459 25

1956 2642 1990 2670 30

1956 2857 1988 2883 35

1957 3066 1992 3098 40
