2288 3476
1028 216 1155 252 VITA
1182 214 1477 251 MATHILDIS

649 356 684 374 20
729 342 825 374 Haec
850 346 1005 384 peramat
1026 339 1155 371 celsum
1179 348 1243 381 per
1265 349 1369 382 quem
1391 342 1470 370 sunt
1491 337 1619 376 omnia,
1643 337 1815 370 Verbum:

726 395 821 427 Illius
845 400 879 426 et
903 402 1030 430 servos,
1054 402 1140 434 quos
1161 389 1296 423 invenit
1319 401 1394 423 esse
1417 389 1605 430 modestos,

725 447 849 490 Diligit
871 452 906 479 et
931 445 1059 484 laudat,
1084 450 1287 477 reverenter
1311 443 1464 482 oboedit‚
1487 444 1652 477 honorat:

729 500 826 532 Haec
850 498 923 531 odit
947 497 1047 538 vicia,
1071 497 1217 529 virtutes
1241 496 1448 539 comprobat
1469 496 1549 529 ista:

727 553 836 585 Elatis
859 551 939 589 alta,
965 551 1056 583 mitis
1078 550 1140 583 sed
1163 549 1302 582 mitibus
1324 555 1424 583 astat:

728 606 802 638 Scit
824 605 977 637 mulcere
1000 604 1086 646 pios,
1110 609 1243 636 terrere
1265 604 1327 636 sed
1350 603 1436 636 haec
1459 604 1527 637 scit
1550 603 1719 647 iniquos:¹

727 659 902 700 Prospera
923 667 993 689 non
1016 662 1149 689 mutant
1173 666 1234 689 seu
1257 666 1327 689 non
1350 656 1440 689 hanc
1465 657 1575 690 tristia
1597 657 1752 690 turbant:

729 711 895 744 Omnibus
918 711 954 742 in
977 710 1079 743 rebus
1101 709 1257 753 graditur
1281 710 1445 743 discretio
1467 720 1601 743 secum:

729 764 897 797 Omnibus
919 764 954 796 in
978 763 1095 807 regnis
1118 773 1179 795 sua
1202 762 1312 796 currit
1335 763 1429 796 fama
1451 764 1647 806 perhennis.

728 818 898 851 Evehitur
919 817 1015 849 lintri
1037 823 1132 849 trans
1152 821 1297 859 pontum
1320 817 1415 849 fama
1436 817 1630 856 Mathildis‚

729 871 877 904 Nomine
903 871 948 904 de
972 870 1070 903 cuius
1092 869 1301 902 Turclorum
1324 876 1437 903 castra
1459 869 1662 913 loquuntur:

731 924 867 958 Notitia
890 924 998 956 multa
1023 933 1102 956 cum
1124 934 1193 967 qua
1215 934 1278 956 rex
1301 923 1438 956 Grecus
1460 923 1656 958 habundat:

729 977 840 1011 Pallia
863 988 943 1010 cum
965 977 1112 1022 gemmis
1134 988 1196 1010 rex
1219 977 1279 1010 dat
1302 975 1367 1009 sibi
1391 976 1526 1010 Grecus
1549 976 1676 1010 Alexis.

730 1031 831 1064 Hanc
855 1030 970 1063 multis
993 1030 1087 1063 horis
1110 1029 1322 1063 Alemannus
1345 1030 1426 1063 Rex
1451 1036 1554 1070 amat,
1576 1031 1672 1064 odit:

730 1085 826 1118 Gens
848 1083 1043 1117 Alemanna
1066 1083 1206 1127 quidem
1230 1083 1296 1116 sibi
1320 1083 1428 1127 gratis
1450 1084 1558 1117 servit
1579 1085 1725 1128 ubique:

651 1153 683 1180 35
730 1138 847 1177 Russi‚
872 1138 1042 1175 Saxones,
1067 1137 1279 1179 Guascones,
1302 1143 1406 1180 atque
1430 1137 1613 1176 Fresones‚

731 1191 894 1230 Arverni,
918 1190 1058 1228 Franci,
1079 1189 1274 1234 Loteringi‚
1298 1190 1426 1233 quinve
1452 1190 1619 1230 Britanni,

733 1245 833 1278 Hanc
855 1249 989 1277 tantum
1013 1248 1162 1276 noscunt
1183 1243 1277 1287 quod
1302 1243 1334 1276 ei
1357 1254 1420 1275 sua
1442 1244 1592 1286 plurima
1613 1251 1771 1288 poscunt.

731 1299 814 1332 Post
837 1298 945 1341 ipsam
968 1302 1091 1342 gentes
1113 1297 1180 1330 hae
1203 1297 1345 1329 mittunt
1368 1297 1506 1339 saepius
1529 1307 1649 1331 enses:

732 1351 900 1385 Omnibus
922 1361 966 1383 ex
987 1350 1060 1383 istis
1083 1350 1217 1393 equites
1240 1349 1345 1382 habet
1369 1350 1438 1382 alta
1460 1351 1650 1385 Mathildis.

730 1405 951 1447 Responsum
979 1404 1112 1436 cunctis
1134 1403 1221 1436 haec
1245 1403 1305 1435 dat
1327 1402 1401 1435 sine
1424 1414 1597 1437 murmure
1619 1405 1748 1438 turbis:

731 1458 829 1491 Haec
852 1457 973 1490 hilaris
995 1467 1131 1499 semper
1154 1456 1259 1496 facie,
1282 1456 1422 1499 placida
1445 1467 1582 1500 quoque
1605 1465 1738 1491 mente:

731 1512 831 1544 Haec
854 1511 975 1554 apices
998 1510 1121 1548 dictat,
1144 1510 1209 1543 scit
1233 1510 1487 1543 Theutonicam
1511 1510 1601 1544 bene
1625 1511 1788 1556 linguam,

733 1566 833 1598 Haec
857 1564 1009 1608 loquitur
1032 1563 1155 1596 laetam
1179 1563 1264 1607 quin
1288 1563 1613 1608 Francigenamque
1636 1565 1851 1609 loquaelam:

650 887 685 913 30

651 1421 687 1446 40

165 1638 186 1653 ι.
200 1633 248 1657 av
733 1620 831 1652 Haec
854 1618 1108 1662 Longobardos
1131 1617 1248 1656 nutrit,
1272 1617 1364 1661 regit
1387 1624 1423 1650 et
1444 1618 1532 1652 facit
1554 1618 1668 1652 altos.'

652 1688 685 1715 45
733 1672 806 1712 Qui
830 1683 990 1706 numeras
1012 1672 1128 1706 stellas
1151 1671 1258 1704 vitam
1281 1671 1348 1705 sibi
1372 1672 1532 1715 supplico
1556 1683 1672 1712 serva3

426 1828 452 1844 v.
471 1817 517 1852 21)
535 1819 610 1844 illius
629 1822 656 1844 et
672 1827 773 1848 servos,
793 1819 803 1843 1
822 1817 975 1843 sacerdoti.
1285 1816 1362 1841 trieh
1381 1816 1411 1841 di
1430 1816 1545 1842 Olanda
1564 1817 1614 1842 che
1633 1817 1674 1849 gli
1695 1818 1846 1850 disputava
1866 1818 1894 1842 la
1912 1817 2013 1843 Frisiu.
2045 1817 2181 1842 Arverni:
2232 1828 2236 1833 ν
2273 1818 2275 1822 ⁴

426 1870 452 1887 v.
470 1861 514 1895 3ο)
539 1862 705 1890 Turdorum,
730 1867 857 1886 accenno
882 1860 918 1885 ad
943 1859 1018 1885 aiuti
1043 1859 1171 1885 mandati
1197 1859 1233 1885 da
1286 1858 1329 1884 v’e
1348 1867 1387 1884 un
1407 1867 1531 1885 accenno
1551 1860 1578 1885 al
1604 1861 1691 1892 luogo
1710 1861 1784 1886 dove
1803 1860 1920 1886 Urbano
1943 1861 1970 1886 11
1989 1857 2136 1894 proclamo
2154 1860 2183 1885 la
2229 1876 2232 1883 ,

337 1904 459 1929 Matude
477 1906 505 1929 ai
529 1903 669 1929 Crociati.
1288 1902 1425 1928 Crociata
1438 1902 1599 1933 (Clermont
1617 1903 1742 1928 Ferrand
1762 1904 1793 1927 iu
1812 1903 1964 1935 Alvernla)
1983 1911 2001 1928 ο
2015 1911 2031 1928 ι
2043 1902 2182 1936 Msmpel-

425 1955 452 1972 v.
467 1950 515 1978 32)
529 1938 551 1972 ὲ
565 1947 667 1979 ignoto
681 1947 780 1979 questo
794 1946 871 1970 dono
891 1945 1135 1977 dell'imperatore
1148 1952 1233 1978 greco
1287 1944 1357 1978 gard
1371 1943 1513 1978 (l'attuale
1525 1944 1732 1975 Montbeliard)
1747 1945 1756 1969 i
1777 1945 1822 1969 cui
1837 1944 1917 1969 conti
1930 1951 2017 1969 erano
2036 1944 2134 1977 cugini
2153 1943 2182 1971 di
2235 1978 2239 1982 .

294 1993 309 2021 ς
337 1989 453 2014 Alessio
471 1989 486 2014 1
505 1989 655 2014 Comneno
674 1987 862 2022 (1081-1118).
1287 1986 1409 2012 Matilde
1433 1985 1495 2011 cioe
1520 1987 1582 2020 figli
1607 1986 1684 2012 della
1709 1987 1813 2012 sorella
1838 1986 1868 2011 di
1893 1986 2029 2011 Beati-icc.
2065 1986 2183 2011 Franci:
2229 1983 2231 1985 ’

426 2040 452 2057 v.
467 2031 514 2064 33)
533 2035 615 2061 amat,
635 2032 699 2063 odit,
720 2031 914 2056 chin-amente
933 2038 1057 2055 accenna
1077 2038 1092 2055 a
1118 2028 1164 2054 cib
1183 2030 1234 2055 che
1286 2035 1413 2053 accenno
1433 2037 1448 2053 a
1468 2030 1597 2062 rapporti
1616 2029 1662 2053 col
1684 2036 1712 2053 re
1732 2029 1762 2054 di
1781 2028 1911 2053 Francia.
1947 2028 2107 2061 Loteringi:
2125 2028 2184 2053 Ma·
2226 2036 2229 2037 ⁷

338 2076 381 2100 sta
400 2081 449 2107 per
468 2075 537 2106 dire,
559 2074 609 2099 che
627 2074 735 2098 Enrico
754 2074 793 2098 IV
813 2074 838 2098 si
858 2070 948 2106 giovb
968 2073 998 2098 di
1017 2072 1138 2098 Matilde
1150 2080 1167 2097 a
1180 2071 1233 2097 Ca·
1287 2071 1360 2095 tilde
1378 2078 1425 2096 era
1444 2073 1528 2102 stata,
1547 2079 1596 2104 per
1615 2071 1637 2095 il
1657 2071 1752 2103 primo
1775 2072 1974 2102 matrimonio,
1998 2071 2134 2096 duchessa
2153 2069 2184 2095 dl
2229 2080 2231 2082 ·

338 2124 432 2146 nossa.
458 2116 659 2142 chiamandola
685 2117 749 2141 anzi
777 2117 890 2148 cugina,
916 2123 930 2140 e
955 2117 1003 2148 poi
1029 2115 1057 2140 la
1083 2113 1234 2140 combutte.
1287 2113 1408 2144 Lorena,
1428 2122 1442 2138 e
1462 2114 1492 2138 vl
1511 2115 1666 2147 possedeva
1684 2114 1870 2147 grandissimi
1889 2114 1954 2138 beni
1981 2120 2031 2146 per
2056 2109 2185 2138 l’eredlti

338 2158 385 2183 Ma
403 2158 501 2183 vomat
517 2165 564 2182 era
583 2157 729 2190 suggerito
749 2157 838 2182 anche
863 2157 909 2181 dai
936 2157 1064 2189 rapporti
1091 2156 1234 2182 affettuosi
1288 2158 1423 2181 materna.
1455 2157 1599 2182 Britanni:
1613 2158 1689 2182 certo
1703 2165 1761 2182 non
1777 2159 1786 2181 i
1800 2157 1928 2188 Bretoni,
1942 2164 1987 2181 ma
2001 2157 2010 2181 1
2023 2156 2186 2181 Non-manni
2226 2162 2236 2171 =¹

279 2209 312 2227 ιο
338 2200 388 2225 che
413 2200 459 2224 nel
488 2206 612 2233 1112-15,
637 2199 751 2232 quando
776 2199 811 2224 D.
837 2200 976 2229 scriveva‚
1000 2199 1164 2223 esistevano
1190 2201 1235 2224 tra
1288 2199 1420 2224 divenuti
1440 2199 1487 2224 dal
1509 2199 1585 2229 1066,
1605 2207 1658 2224 con
1679 2200 1706 2224 la
1725 2201 1894 2232 protezIOne
1907 2199 1951 2224 del
1965 2200 2080 2232 papate,
2093 2198 2184 2224 domi·
2230 2198 2231 2202 ’

338 2242 459 2267 Mntilde
477 2242 511 2267 ed
530 2242 638 2267 Enrico
657 2241 690 2266 V.
723 2241 808 2266 Nella
827 2241 953 2272 Epitome
967 2241 1121 2272 polz'ronese
1140 2240 1237 2266 l’amat
1289 2242 1385 2266 natori
1403 2241 1479 2266 della
1498 2241 1659 2267 Britannia.
2227 2255 2229 2259 ·

338 2285 371 2310 fu
389 2292 470 2317 preso
496 2292 545 2317 per
569 2284 705 2309 richIesta
730 2284 759 2308 di
786 2285 971 2308 matrimonio
999 2283 1144 2308 “Alexius
1167 2282 1236 2309 Gre—
1378 2292 1424 2309 vv.
1445 2284 1538 2317 38-39)
1563 2284 1676 2309 Soldati
1706 2285 1869 2316 mercenari,
1895 2283 1941 2309 fra
1965 2284 1977 2309 1
2002 2283 2082 2316 quali
2106 2284 2185 2308 certo
2234 2310 2238 2317 1

339 2327 354 2341 ⁴¹
364 2334 462 2351 corum
480 2328 508 2351 et
526 2325 754 2351 Alemannorum
773 2333 852 2359 reges
873 2326 935 2350 eius
960 2326 1127 2358 coniugium
1146 2327 1234 2358 petie·
1289 2333 1417 2352 avi-anno
1435 2329 1523 2352 avuto
1543 2329 1623 2359 parte
1643 2327 1778 2352 notevole
1799 2328 1805 2350 i
1827 2327 1996 2351 Normanni.

341 2369 435 2394 “runt
448 2386 474 2402 n·
1378 2378 1404 2394 v.
1423 2368 1469 2401 4²)
1489 2370 1586 2400 apices,
1605 2369 1717 2399 lettere;
1737 2369 1772 2394 cf.
1793 2377 1817 2393 v.
1840 2375 1916 2402 1293,
1937 2367 1968 2394 L·
1988 2369 2008 2394 1.
2231 2396 2234 2398 v

281 2416 312 2443 15
427 2421 454 2437 v.
469 2409 520 2444 35)
547 2412 641 2437 Russi:
668 2412 693 2436 la
722 2412 844 2436 seconda
870 2411 977 2443 moglie
1002 2412 1031 2436 di
1058 2411 1163 2436 Enrico
1187 2410 1235 2440 IV,
1378 2420 1423 2436 vv.
1443 2417 1526 2443 42-43
1550 2411 1799 2437 tlseutonicanz....
1824 2410 2102 2444 franczgrenam....=
2126 2409 2185 2435 Mn·
2209 2439 2212 2441 ¹

339 2454 481 2486 Prassede,
501 2454 667 2487 rlrugiatasi
683 2454 729 2479 nel
745 2459 810 2487 1095
826 2461 923 2486 presso
936 2453 1067 2484 Matilde,
1081 2462 1127 2479 era
1141 2461 1234 2484 russa3
1289 2454 1361 2479 tilde
1379 2453 1458 2487 figlia
1478 2455 1508 2478 di
1534 2461 1590 2478 una
1615 2454 1750 2485 lorencse,
1776 2454 1911 2483 Beatrice,
1937 2453 2047 2478 avendo
2072 2453 2186 2478 vissuto
2234 2449 2238 2453 ”
2282 2462 2283 2471 ¹

340 2497 470 2526 siccome.
490 2496 568 2530 dopo
586 2496 615 2521 la
634 2496 710 2528 fuga,
730 2495 853 2527 ritorno,
871 2498 950 2520 certo
969 2503 1023 2520 con
1043 2496 1084 2528 gli
1104 2496 1177 2521 aiuti
1204 2495 1234 2520 di
1290 2498 1369 2522 sotto
1394 2497 1416 2521 il
1443 2498 1580 2530 patrigno
1609 2497 1737 2521 lorenese
1763 2504 1777 2521 e
1803 2496 1992 2529 sogglornato
2017 2495 2048 2520 ln
2073 2493 2185 2521 Lorenn
2282 2511 2284 2526 χ

339 2538 469 2567 Matilde.
489 2546 585 2571 presso
604 2539 632 2563 la
651 2545 701 2563 sua
727 2538 860 2571 famiglia
885 2538 935 2563 che
961 2545 1086 2570 regnave.
1105 2546 1121 2563 a
1145 2538 1236 2568 Kiew,
1289 2536 1431 2573 (1069-70)
1445 2545 1494 2571 per
1507 2539 1530 2563 11
1544 2539 1637 2571 primo
1652 2540 1847 2569 matrimonio,
1867 2539 1957 2563 dovea
1969 2545 2104 2562 conoscer
2115 2537 2186 2563 bene
2283 2568 2285 2571 v

340 2582 439 2613 questo
459 2581 534 2606 fatto
552 2580 621 2606 αντὶ
640 2581 709 2606 dato
728 2581 815 2613 luogo
838 2588 855 2605 a
880 2581 998 2613 qualche
1024 2583 1162 2614 rapporto
1182 2588 1235 2605 con
1290 2581 1316 2606 le
1330 2581 1427 2613 lingue
1442 2581 1489 2606 dei
1502 2581 1555 2605 due
1569 2581 1673 2614 popoli
1687 2582 1737 2606 che
1750 2581 1795 2605 nel
1810 2581 1915 2605 ducato
1930 2580 1960 2605 di
1972 2579 2086 2605 Lorena
2098 2587 2186 2605 erano
2283 2584 2285 2592 ³

281 2630 315 2649 πο
341 2623 369 2647 la
389 2623 500 2648 Russia.
539 2623 669 2648 Saxones:
688 2623 724 2648 D.
745 2623 790 2648 nel
811 2630 872 2656 cap.
890 2622 956 2648 XIX
976 2623 1021 2648 del
1040 2623 1073 2648 L.
1091 2623 1105 2648 1
1123 2624 1236 2648 ricorde.
1291 2632 1306 2649 a
1320 2625 1460 2649 contatto.
1497 2623 1624 2648 Laetam:
1643 2624 1716 2656 peri
1730 2624 1808 2648 canti
1822 2623 1868 2648 dei
1886 2623 2006 2656 giullari
2018 2623 2113 2647 notit
2125 2621 2187 2648 Mn-
2239 2634 2242 2635 ⁷
2283 2615 2285 2626 ¹

342 2665 368 2689 le
386 2672 485 2697 guerre
504 2665 532 2690 di
552 2665 660 2690 Enrico
679 2672 733 2690 con
754 2666 762 2689 i
789 2664 906 2690 Sassonl
932 2665 982 2689 che
1007 2664 1149 2697 Gregorio
1175 2664 1236 2694 vn,
1290 2666 1361 2691 tilde
1387 2667 1479 2699 specie
1497 2673 1547 2700 per
1566 2666 1588 2690 il
1609 2667 1766 2699 soggiorno
1787 2667 1817 2689 in
1837 2664 1965 2690 Lorena:
1986 2665 2006 2690 11
2027 2666 2102 2690 laeta
2120 2671 2190 2698 puro
2283 2658 2286 2703 ¹3

342 2713 395 2732 sec.
414 2707 448 2732 D.
467 2714 482 2732 e
501 2707 602 2740 quindl
621 2707 711 2732 anche
729 2707 859 2739 Matilde,
880 2705 961 2732 cereo
981 2707 1012 2732 di
1031 2707 1136 2740 sopire.
1166 2708 1236 2733 Gua-
1291 2708 1418 2733 tradurre
1443 2708 1466 2732 il
1486 2708 1616 2733 delitable
1635 2708 1664 2732 di
1683 2707 1813 2733 Mai-tino
1831 2707 1868 2732 dn.
1887 2706 1995 2732 Canale
2014 2714 2029 2731 e
2047 2706 2189 2731 Brunetto
2230 2723 2245 2738 m
2268 2707 2286 2717 ¹

341 2757 445 2774 scortes:
464 2757 521 2774 non
537 2750 559 2774 si
580 2757 744 2775 conoscono
763 2751 856 2782 questi
878 2751 1015 2782 rapporti,
1037 2750 1118 2775 salvo
1132 2757 1191 2774 non
1211 2751 1235 2774 si
1290 2749 1389 2775 Latini
1403 2757 1418 2774 e
1432 2750 1453 2774 il
1473 2750 1660 2775 delectabilior
1678 2750 1838 2782 vulgariter
1856 2749 1885 2774 di
1899 2749 1995 2774 Dante
2013 2747 2134 2781 (Rapsa,
2145 2751 2186 2785 qt.
2229 2749 2240 2774 ‘J
2268 2744 2270 2746 ¹
2285 2740 2287 2757 ¹

341 2791 459 2816 accenni
478 2791 536 2816 alla
555 2791 688 2824 famigiia
700 2791 777 2817 della
790 2792 886 2817 madre
899 2792 928 2816 di
942 2791 1049 2817 Enrieo
1061 2791 1109 2822 IV,
1123 2792 1236 2825 Aguese
1291 2792 1344 2822 cil.⁷
1365 2793 1420 2824 44).
2226 2790 2240 2822 ἡ,
2283 2811 2287 2827 4

282 2837 314 2864 25
342 2833 371 2857 di
390 2833 523 2858 Poitiers.
560 2834 705 2859 Fresonest
724 2841 812 2859 erano
827 2835 968 2867 compresi
982 2834 1028 2859 nel
1042 2835 1147 2859 ducato
1161 2834 1237 2859 della
1379 2843 1426 2860 vv.
1450 2833 1549 2867 45-47)
1573 2835 1701 2860 Canossa
1727 2834 1857 2868 esprime,
1883 2841 1936 2858 con
1962 2840 2018 2858 uua
2043 2832 2188 2858 chineus
2230 2835 2234 2853 Γ
2286 2831 2287 2835 ’

342 2875 428 2900 Bassa
448 2876 559 2901 Lorena
579 2878 730 2910 assegnato
744 2877 772 2902 al
792 2879 897 2902 marito
910 2877 942 2902 dl
955 2877 1084 2906 Matilde,
1099 2876 1237 2902 Goffredo

343 2916 366 2940 ss
384 2915 495 2947 Gubba,
515 2918 564 2943 che
584 2920 713 2951 appunto
731 2919 763 2943 in
782 2918 876 2943 Frisia
895 2926 912 2944 a
930 2919 1133 2951 Blaardingen‚
1148 2919 1178 2944 fu
1191 2927 1237 2944 uc-

344 2959 412 2988 tiso,
432 2960 461 2983 in
480 2968 518 2984 un
539 2962 669 2993 agguato,
691 2961 712 2985 il
733 2960 767 2985 26
787 2961 916 2986 febbraio
939 2960 1014 2993 1076,
1038 2963 1147 2986 mentre
1172 2961 1236 2986 sod-

344 3000 487 3026 dissaeeva
507 3010 522 3027 a
543 3002 666 3028 naturali
687 3003 811 3036 bisogni,
831 3003 867 3028 da
886 3010 924 3028 un
944 3010 1026 3029 servo
1045 3003 1090 3028 del
1111 3011 1152 3029 co.
1172 3004 1237 3030 Die-

1291 2877 1411 2906 brutale,
1431 2877 1451 2901 il
1467 2877 1609 2902 desiderio
1629 2876 1678 2902 che
1691 2876 1814 2902 Matnde
1827 2877 1850 2900 si
1866 2876 1958 2900 faccia
1970 2875 2123 2908 seppellire
2139 2873 2188 2900 nel
2221 2901 2223 2904 ,
2273 2877 2275 2887 ¹

1292 2919 1411 2944 castello
1431 2920 1527 2944 avim:
1547 2917 1608 2944 cosi
1634 2927 1687 2944 con
1707 2918 1851 2944 l’artificlo
1876 2918 1905 2942 di
1933 2919 1975 2942 far
2000 2917 2111 2951 perlate
2134 2915 2196 2942 Cur

1292 2968 1375 2986 nossa
1394 2961 1430 2986 D.
1449 2961 1506 2994 Ριιὸ
1531 2963 1683 2995 esprimere
1709 2962 1808 2993 questo
1835 2960 1965 2985 macabro
1991 2959 2132 2984 desiderio
2157 2959 2187 2983 ln
2242 2956 2243 2962 ¹

1294 3004 1386 3029 forma
1405 3010 1487 3029 meno
1507 3005 1630 3029 urtante.
