2288 3476
206 905 227 921 c.
241 904 288 923 79¹¹

181 1912 256 1937 Mun..
270 1913 311 1937 ⁴85

345 2026 351 2030 ·
374 2016 507 2042 taceam
530 2009 798 2047 combustiones,
814 2020 881 2052 que
905 2010 1194 2052 perturbaverunt
1210 2015 1245 2042 et
1261 2010 1464 2051 perturbant
1476 2010 1487 2029 ³
1503 2009 1753 2051 Mediolanum,
1769 2020 1900 2043 memor
1914 2020 1988 2042 sum
2003 2008 2229 2055 sugestion‘mff

339 2793 352 2819 5
379 2787 405 2812 R
424 2787 632 2816 defensionemz
651 2786 672 2811 il
690 2786 742 2812 cod.
761 2786 791 2811 N
809 2786 907 2818 seguito
925 2786 970 2811 dal
986 2786 1068 2811 Sassx
1087 2787 1292 2812 dissensionem
1313 2799 1346 2804 -—
1366 2792 1408 2819 37.
1427 2786 1593 2818 crescendo]
1612 2786 1649 2818 gli
1666 2786 1727 2811 altri
1746 2786 1816 2811 codd.
1837 2786 1989 2811 crescendo

380 225 422 261 14
860 224 1171 261 LANDULPHI
1198 225 1271 260 DE
1299 223 1510 261 SANCTo
1538 224 1717 262 PAULO
1906 230 1990 268 [Aa
2010 233 2194 276 uos-11„

373 367 439 399 qua
463 357 638 399 predictus
661 355 888 398 Landulphus
918 356 963 389 de
994 355 1193 399 Vareglate,
1225 356 1282 399 qui
1306 362 1385 398 post
1414 356 1523 399 ipsam
1546 356 1704 389 sinodum
1734 357 1800 390 fuit
1822 356 1979 391 Astensis
2009 353 2196 402 episcop*

371 419 483 451 neque
508 416 586 441 ante
609 420 734 452 papam
757 409 812 441 vel
834 410 908 453 ejus
932 408 1062 441 curiam
1086 409 1141 441 vel
1164 409 1334 453 synodum
1364 409 1545 443 adversum
1577 410 1806 443 Grosulanum
1828 410 1970 444 verbum
2000 410 2194 454 ignominis

373 474 445 494 sum
470 462 625 505 protulit;
648 462 710 495 sed
734 461 903 504 presbiter
925 461 1122 504 Liprandus
1146 472 1295 501 causam,
1320 473 1421 505 quam
1438 461 1600 496 adversus
1624 463 1853 496 Grosulanum
1869 463 1997 504 habuit,
2013 475 2099 507 pure
2113 475 2152 498 n·
2167 480 2195 503 ιι,

375 516 499 548 ficavit.
544 516 588 548 Et
612 515 819 558 apostolicus
841 526 910 548 non
933 515 1059 558 legem,
1075 527 1139 558 per
1154 515 1264 558 ipsum
1281 515 1506 557 presbiterum
1523 517 1638 550 datam
1660 523 1696 551 et
1711 524 1925 550 sacramento
1941 524 1977 551 et
1998 518 2079 561 igne
2103 528 2148 551 no
2172 542 2174 545 v
2194 551 2198 558 7

373 575 454 607 tam,
476 568 642 607 laudavit,
666 569 727 601 sed
743 569 889 611 gratiam
906 574 940 601 et
963 568 1112 601 officium
1135 568 1379 611 presbiteratus
1393 569 1429 601 in
1445 569 1503 601 illo
1527 569 1674 602 firmavit
1697 575 1731 602 et
1754 570 1853 604 dixit:
1873 569 1888 588 “
1905 570 1943 604 Si
1960 571 2017 604 hic
2033 570 2198 614 presbb„

380 623 394 639 “
408 622 548 660 iuraret,
564 628 598 654 et
614 621 799 654 duodecim
821 622 1021 654 sacerdotes
1044 631 1121 654 cum
1135 622 1198 654 illo
1213 622 1361 655 iurando
1384 622 1602 663 affirmarent,
1625 624 1720 666 quod
1736 623 1949 656 Grosulanus
1963 624 2078 668 coegit
2092 624 2122 656 i·
2135 639 2159 652 :v-
2177 633 2185 660 ‘2
2240 664 2242 669 Δ
2280 662 2282 668 ,

375 676 389 691 “
404 674 632 717 presbiterum
647 674 696 706 ire
712 675 757 706 ad
772 675 898 718 ignem,
921 675 1106 708 sustineret
1129 675 1341 708 Grosulanus
1364 676 1616 718 depositionem
1629 700 1660 719 „.
1707 675 1821 720 Atque
1843 687 1946 720 super
1968 677 2034 710 hoc
2057 675 2194 721 spati>
2242 714 2243 719 ¹

372 728 573 761 consulendi
595 738 658 770 per
681 739 785 760 unam
808 734 945 761 noctem
969 728 1075 761 dedit.
1122 727 1236 761 Nocte
1259 734 1372 761 autem
1396 728 1454 761 illa
1476 735 1660 770 transacta,
1686 730 1897 772 apostolicus
1921 741 2036 763 coram
2067 724 2192 775 syno-=v
2242 727 2246 760 ἱ

372 791 391 813 a
413 780 604 813 Grosulano
627 781 778 823 suscepit
801 787 1068 818 sacramentum;
1086 781 1123 813 in
1138 791 1207 824 quo
1231 788 1447 815 sacramento
1471 782 1684 816 Grosulanus
1698 783 1750 816 sic
1768 783 1830 816 ait:
1851 782 1866 800 ‘⁴
1882 784 1958 828 Ego
1974 783 2144 818 Grosulan
2181 802 2198 824 ς,-

376 836 390 851 “
401 835 513 877 gratia
529 834 594 866 Dei
610 834 902 877 archiepiscopus,
919 845 988 867 non
1004 834 1105 878 coegi
1128 835 1258 867 dictum
1283 835 1496 877 Liprandum
1514 836 1740 879 presbiterum
1754 837 1805 869 ire
1822 837 1867 870 ad
1889 836 2008 880 ignem
2023 842 2059 870 et
2080 837 2151 870 ἕω
2187 830 2203 871 ⁴¹}
2244 832 2247 862 ῗ

382 887 572 920 “iudicium
585 888 630 928 ,μ’
675 887 776 920 Tunc
793 894 828 920 et
842 887 1032 921 Ardericus
1045 889 1066 929 ¹,
1089 888 1280 921 Laudensis
1311 888 1510 932 episcopus,
1531 890 1677 934 jurando
1699 889 1845 923 firmavit
1866 890 1903 922 id
1925 890 2048 933 ipsum.
2177 884 2179 888 ’

371 951 465 983 vero,
488 940 644 984 Aquensi
666 941 843 984 episcopo,
859 941 1049 984 proferenti
1066 942 1103 974 id
1118 941 1230 984 ipsum
1245 942 1360 986 jurare
1376 953 1420 974 ex
1435 947 1534 984 parte
1551 942 1747 981 Grosulani,
1771 942 1814 975 ab
1830 943 2021 986 apostolico
2037 942 2107 977 fuit
2121 946 2199 977 con':

370 994 546 1027 donatum.
592 995 805 1028 Grosulanus
819 994 937 1038 itaque
961 995 1118 1034 accessit,
1134 1001 1173 1028 ut
1188 995 1368 1037 acciperet
1389 995 1534 1038 gratiam
1557 995 1795 1029 restitutionis:
1820 1001 1856 1028 et
1873 1006 1950 1029 cum
1967 997 2013 1029 ad
2028 988 2205 1042 accipies*

372 1049 451 1080 dam
467 1048 721 1081 restitutionem
745 1049 939 1087 accederet,
955 1047 1082 1092 gabuta
1097 1048 1153 1081 vel
1176 1048 1359 1091 pastoralis
1374 1048 1481 1092 virga,
1505 1060 1608 1092 quam
1630 1049 1723 1083 idem
1748 1049 1960 1082 Grosulanus
1982 1059 2043 1083 sua
2065 1055 2160 1083 tene
2182 1051 2203 1075 ··’·

374 1112 486 1141 manu,
510 1111 626 1135 coram
650 1101 785 1146 synodo
814 1102 860 1135 ad
881 1107 1009 1135 terram
1041 1102 1162 1135 coruit.
1209 1101 1316 1141 Quod
1346 1102 1482 1146 signum
1513 1102 1771 1145 quampluribus
1802 1102 1868 1136 fuit
1897 1102 2072 1142 indicium,
2105 1113 2209 1146 quo

372 1162 624 1188 sacramentum
648 1155 722 1187 eius
738 1155 804 1188 fuit
818 1161 1069 1188 sacramentum
1085 1155 1215 1188 mortis.
1261 1155 1507 1188 Verumtamen
1533 1167 1599 1189 nec
1621 1167 1714 1199 papa
1728 1166 1792 1188 nec
1816 1156 1889 1200 ejus
1911 1155 2053 1190 sinodus
2076 1155 2121 1189 ad
2135 1155 2174 1189 h
2191 1158 2211 1184 55

373 1214 458 1241 tunc
480 1208 643 1251 respexit3
667 1209 730 1241 sed
753 1208 868 1251 ipsum
891 1209 1120 1242 Grosulanum
1145 1207 1265 1247 Azoni,
1289 1207 1456 1251 Aquensi,
1479 1214 1514 1242 et
1537 1208 1711 1242 Arderico
1734 1208 1909 1242 Laudensi
1925 1214 2027 1252 atque
2049 1209 2208 1253 Jordan

373 1262 416 1294 de
432 1261 523 1295 Clivi
536 1261 548 1279 ²
571 1267 605 1294 et
628 1261 754 1295 ceteris
776 1261 1093 1295 Mediolanensibus
1106 1267 1176 1295 tam
1191 1262 1328 1295 clericis
1344 1273 1445 1305 quam
1460 1262 1580 1307 laycis,
1596 1273 1715 1295 verum
1732 1262 1836 1295 etiam
1861 1262 2032 1305 episcopis
2047 1262 2161 1307 ejusd
2178 1280 2194 1290 ιι

373 1314 542 1348 ecclesiae
565 1315 805 1358 suffraganeis,
821 1315 1015 1348 volentibus
1037 1315 1166 1348 habere
1183 1326 1261 1348 eum
1283 1316 1319 1348 in
1335 1315 1647 1359 archiepiscopum,
1662 1316 1744 1349 licet
1761 1316 1880 1355 otiose,
1902 1315 2060 1350 restituit.
2105 1311 2211 1355 Quo-j

373 1368 466 1400 niam
497 1368 634 1411 quidem
665 1367 834 1410 presbiter
863 1368 922 1401 ille
952 1368 1160 1411 Liprandus,
1191 1369 1273 1401 licet
1304 1368 1487 1402 occasione
1519 1369 1619 1401 huius
1650 1369 1874 1402 restitutionis
1904 1369 1996 1402 foret
2024 1374 2209 1418 suspectus}
2256 1362 2258 1365 Ι

373 1421 566 1455 Grosulano
589 1421 744 1454 restituto
768 1427 801 1454 et
824 1421 1016 1454 restitutum
1041 1421 1318 1464 suscipientibus,
1341 1427 1458 1455 tamen
1472 1421 1510 1454 in
1526 1422 1676 1455 ecclesia
1690 1421 1813 1455 Sancti
1828 1422 1927 1455 Pauli
1951 1432 2081 1466 suaque
2096 1423 2208 1457 domn·
2258 1459 2261 1468 ¹

374 1474 441 1507 fuit
462 1475 627 1507 sacerdos
648 1475 806 1518 ydoneus
827 1474 864 1507 in
886 1485 948 1507 suo
971 1474 1083 1507 officio
1107 1485 1168 1517 per
1183 1480 1316 1518 septem
1339 1485 1447 1508 annos
1462 1481 1541 1517 post
1557 1475 1665 1518 ipsam
1681 1475 1944 1508 restitutionem.
1992 1474 2215 1512 Grosulanus
2258 1470 2261 1495 ³³

375 1538 469 1567 vero,
493 1528 608 1571 gratia
628 1528 793 1561 Gulielmi
817 1527 951 1561 abbatis
972 1528 1172 1561 monasterii
1195 1528 1303 1561 sancti
1326 1527 1515 1567 Ambrosii,
1538 1534 1573 1561 et
1595 1527 1737 1561 Andree
1761 1528 2034 1562 Mediolanensis
2056 1528 2210 1563 ecclesie

372 1581 572 1624 primicerii,
604 1586 639 1613 et
667 1581 805 1614 Ottonis
828 1581 1040 1614 vicecomitis
1063 1588 1098 1614 et
1128 1581 1286 1614 alliorum
1311 1581 1493 1614 multorum
1523 1582 1729 1624 prudentum
1760 1588 1830 1614 tum
1861 1581 2070 1616 clericorum
2099 1592 2202 1626 quam
2220 1619 2225 1627 ¹7
2261 1620 2264 1623 ¹

373 1635 563 1678 laycorum,
587 1646 654 1668 nec
676 1635 793 1667 sedem
817 1645 882 1667 nec
907 1635 1054 1678 aliquam
1079 1635 1306 1667 munitionem
1336 1635 1655 1678 archiepiscopatus
1684 1640 1763 1678 post
1794 1635 1904 1678 legem
1933 1635 2054 1680 ipsam,
2077 1645 2099 1668 a
2126 1644 2225 1678 pre-j

373 1687 502 1721 sbitero
525 1688 665 1726 factam,
688 1688 760 1721 sive
782 1688 1046 1727 restitutionem,
1070 1699 1091 1720 a
1113 1689 1246 1732 synodo
1270 1688 1492 1728 celebratam,
1515 1688 1647 1722 habuit.

467 1797 519 1828 21.
545 1813 585 1818 —
609 1796 688 1838 Ipsa
710 1805 848 1838 quoque
870 1795 1018 1828 ecclesia
1041 1802 1076 1828 et
1099 1805 1254 1839 regnum,
1278 1806 1345 1839 que
1377 1806 1440 1838 pro
1473 1795 1666 1829 Grosulano
1696 1796 1865 1840 synodum
1895 1796 2004 1839 ipsam
2034 1790 2225 1836 tractavist-

375 1849 411 1881 in
433 1855 542 1882 semet
563 1848 646 1891 ipsis
669 1848 874 1882 divisionem
895 1859 1048 1888 servans,
1071 1849 1221 1882 servavit
1236 1855 1270 1881 et
1286 1849 1469 1882 servando.
1516 1849 1604 1888 Quis
1619 1855 1735 1892 potest
1750 1859 1911 1882 enarrare
1927 1841 2219 1890 οοωῦιιείίοιιοε,“ῗ
2265 1839 2268 1846 A

377 1901 619 1941 desolationes,
635 1901 944 1942 abhominationes,
961 1913 1028 1946 que
1044 1902 1294 1935 combuxerunt
1306 1908 1341 1935 et
1356 1902 1597 1935 desolaverunt
1612 1902 1851 1935 Mediolanum
1868 1908 1903 1935 et
1917 1912 2061 1946 regnum
2076 1902 2206 1946 ipsum-
2220 1910 2223 1920 ³
2266 1915 2269 1928 ³

376 1967 444 2000 que
466 1956 697 1989 sacerdotium
720 1967 764 1988 ex
787 1962 954 1998 tempore,
977 1966 1046 1999 quo
1069 1956 1127 1989 lex
1149 1955 1334 1999 presbiteri
1357 1955 1525 1999 Liprandi
1549 1957 1643 1989 venit
1672 1957 1709 1989 in
1739 1955 1957 2000 ambiguuml
1987 1956 2138 1997 Etenim,
2167 1961 2223 1999 ut,
2268 1950 2269 1953 Ἴ

376 2063 581 2106 principum,
613 2073 679 2106 que
709 2069 792 2096 tunc
827 2063 972 2107 sugessit
1007 2063 1172 2103 Henrico,
1205 2063 1344 2096 deicere
1375 2063 1565 2096 Henricum
1595 2069 1727 2106 patrem
1758 2074 1866 2105 suum,
1898 2069 1932 2095 et
1961 2063 2220 2106 imperatorem:

375 2117 519 2150 dictum.
564 2116 628 2149 Ille
651 2116 790 2160 quidem
813 2116 1032 2149 abhorrendo
1055 2116 1245 2160 symoniam
1268 2116 1305 2148 in
1328 2122 1437 2159 patre,
1461 2122 1594 2159 patrem
1625 2116 1805 2159 oppressit.
1849 2116 1889 2149 In
1920 2123 2076 2158 tempore
2106 2115 2224 2149 huius

378 2169 609 2213 oppressionis
631 2170 773 2213 egregia
794 2169 891 2208 stela,
915 2179 981 2212 que
1005 2169 1187 2202 dicebatur
1209 2175 1345 2203 cometa
1356 2168 1379 2209 ⁴,
1396 2179 1460 2212 per
1482 2170 1598 2212 plures
1614 2169 1688 2202 dies
1711 2175 1746 2203 et
1762 2170 1874 2203 noctis
1889 2169 1925 2202 in
1943 2175 2099 2213 tempore
2114 2168 2221 2207 verit

375 2235 396 2256 a
418 2223 666 2266 setemptrione
689 2228 723 2255 et
746 2223 844 2266 quasi
866 2222 900 2254 in
925 2222 1109 2255 occidente
1132 2223 1202 2256 late
1225 2228 1260 2255 et
1283 2223 1466 2266 splendide
1493 2222 1605 2262 nituit,
1636 2228 1671 2256 et
1699 2229 1845 2256 mortem
1877 2222 2034 2266 oppressi
2063 2221 2220 2267 Hem-ici»,
2273 2259 2275 2268 Δ

378 2276 602 2320 presignavit.

464 2386 518 2417 22.
543 2403 584 2408 —
606 2383 681 2427 Ego
705 2393 842 2426 quoque
864 2383 900 2415 in
923 2383 992 2416 hoc
1014 2383 1125 2426 regali
1149 2389 1183 2416 et
1205 2383 1411 2416 sacerdotali
1434 2383 1582 2422 turbine,
1607 2383 1797 2416 orescendo
1821 2383 2058 2416 tribulationes
2077 2382 2226 2426 impro·
2276 2400 2279 2434 '.

375 2438 560 2480 periorum,
584 2448 650 2480 que
675 2437 804 2470 fiebant
833 2442 868 2469 et
898 2437 984 2470 fiunt
1014 2436 1120 2470 michi
1149 2441 1293 2479 propter
1325 2436 1470 2469 livorem
1501 2447 1584 2479 sepe
1612 2437 1699 2470 dicti
1728 2437 1912 2479 presbiteri
1943 2435 2105 2469 avunculi
2128 2434 2219 2477 met,

468 2572 492 2596 8.
509 2571 570 2596 XII.
588 2570 751 2596 Grossulano
769 2577 857 2595 coram
874 2572 956 2602 papa,
976 2577 1003 2595 se
1021 2577 1076 2595 non
1094 2570 1205 2602 coegissa
1222 2570 1393 2603 Liprandum
1411 2569 1446 2595 ad
1463 2570 1551 2602 ignem
1569 2570 1682 2600 iurante,
1696 2569 1875 2595 Grossulanus
1893 2569 2029 2595 restitutus
2051 2571 2099 2601 ese,
2123 2569 2168 2595 ud
2191 2574 2231 2612 a=

379 2614 479 2639 civibus
497 2621 551 2638 non
569 2615 606 2638 est
622 2615 741 2646 receptus
760 2627 792 2631 —
813 2619 854 2644 27.
874 2613 949 2638 xm.
967 2613 1167 2638 Perturbatione
1185 2613 1216 2638 in
1233 2613 1432 2638 Mediolanensi
1451 2613 1559 2638 ecclesia
1578 2615 1634 2638 orta
1652 2613 1682 2638 ob
1700 2613 1889 2643 Grosfflanum,
1907 2612 2012 2638 olricus
2029 2611 2221 2638 vindomina*
2281 2633 2282 2638 ,

377 2658 400 2681 et
417 2656 562 2681 Amelmus
580 2656 611 2681 de
628 2655 753 2680 Pusterla
770 2662 797 2680 ss
814 2655 942 2680 Parisius
960 2655 992 2680 in
1010 2655 1129 2680 studium
1147 2654 1340 2680 transtulerunt
2226 2655 2230 2658 ”
2276 2650 2279 2659 '

471 2752 561 2778 19-20.
579 2745 722 2774 QuonIam
739 2743 864 2778 quldem]
881 2743 902 2769 il
919 2744 972 2769 cod.
991 2744 1017 2769 R
1035 2746 1083 2777 qui
1104 2745 1231 2776 quidem:
1250 2744 1272 2770 il
1290 2744 1372 2770 SASS1
1392 2744 1536 2769 sostituiscs
1555 2744 1783 2777 quandoquidem
1803 2758 1835 2762 —
1855 2744 1898 2769 28.
1916 2741 2102 2778 dlvisionem]
2119 2741 2235 2787 il'oodg

471 2887 479 2904 ¹
493 2889 532 2914 Di
545 2889 692 2919 Arderico,
706 2889 756 2914 che
768 2889 799 2913 fu
810 2888 901 2914 anche
914 2889 1024 2914 vicario
1038 2888 1067 2913 di
1081 2887 1270 2917 Grossolano,
1412 2886 1423 2902 ³
1441 2887 1491 2913 Gli
1511 2889 1610 2913 storicl
1630 2889 1784 2913 ricordano
1803 2888 1917 2913 lucendi
1940 2888 2075 2912 avvenuti
2102 2887 2134 2912 ln
2157 2885 2212 2912 Ml-

383 2931 448 2956 vedi
468 2933 546 2956 sotto
567 2939 593 2956 n.
613 2939 656 2965 39.
1325 2930 1393 2955 lano
1413 2931 1490 2963 negli
1509 2931 1579 2955 anni
1603 2937 1678 2962 1104,
1701 2935 1776 2962 1105,
1798 2929 1864 2955 1106
1883 2938 1897 2954 e
1918 2937 1994 2962 1124.
2229 2951 2231 2954 .

469 2971 480 2988 ²
499 2972 607 3002 Questo
627 2973 775 2999 Glordano
794 2974 829 2998 da
849 2971 949 2997 Clivio
968 2970 1049 2998 verra
1062 2973 1113 3005 poi
1126 2973 1213 2998 eletto
1228 2980 1270 2997 ar·
1413 2971 1424 2988 ⁴
1446 2972 1575 2997 secondo
1593 2972 1760 3003 Enniam„
1777 2971 1871 2998 Chron.
1890 2972 1917 2997 la
1937 2973 2045 2996 cometa
2064 2976 2237 3004 comp-tvo«

383 3016 532 3040 civescovo
552 3017 582 3040 di
600 3015 712 3040 Milnno
732 3016 777 3040 nel
801 3021 875 3040 1112.
1325 3015 1371 3040 dal
1391 3015 1519 3039 febbraio
1538 3016 1565 3039 al
1585 3023 1680 3040 marzo
1702 3014 1770 3040 1106
1789 3014 1903 3047 (Ριῑειτῑ,
1923 3014 1971 3044 VI,
1991 3014 2062 3047 235).
2108 3011 2110 3013 ’
