2288 3476
375 200 418 235 16
1063 198 1192 234 VITA
1220 198 1516 234 MATHILDIS

767 321 878 354 “Vita
900 321 1065 364 privatus,
1088 320 1185 363 vulpi
1209 320 1310 353 datur
1332 320 1414 363 igne
1439 321 1661 353 cremandus.

766 376 780 392 ‘⁴
794 374 919 417 Vulpis
941 385 1018 407 eum
1042 380 1188 412 torrens,
1211 379 1290 416 post
1312 384 1393 406 urso
1417 373 1542 406 detulit
1565 383 1713 412 omnem,

767 430 781 446 ‘⁴
795 428 866 461 Cor
889 427 1040 460 retinens
1064 432 1208 465 tantum,
1231 427 1319 460 sciat
1341 437 1441 459 ursus
1463 433 1501 459 ut
1524 426 1616 459 illius
1639 433 1759 459 astum.

764 483 778 498 ¹⁴
793 480 901 513 Ursus
923 479 1055 513 habens
1078 489 1232 520 carnem,
1256 490 1318 512 cor
1340 480 1435 513 cervi
1460 480 1631 522 quaeritat
1653 486 1747 513 ante.

663 548 716 574 270
767 533 991 576 “Respondit
1014 533 1147 575 vulpis:
1171 531 1243 565 Cor
1265 543 1335 566 non
1358 532 1490 574 habuit,
1514 543 1629 575 neque
1652 534 1795 576 sumpsi.

764 589 779 605 ⁴⁴
793 587 886 619 Dixit
908 587 941 619 ei
964 597 1111 618 rursum:
1137 586 1208 619 Cor
1230 597 1310 619 mox
1332 586 1423 619 volo.
1470 586 1594 629 Vulpis
1618 587 1662 619 ad
1684 597 1816 620 ursum:

765 643 779 658 “
793 640 884 672 Dum
907 640 1083 683 quaesitus
1105 641 1206 673 adest
1228 646 1293 680 ter,
1318 639 1426 673 corde
1450 650 1570 672 carere
1593 639 1751 682 probate.

765 696 779 711 “
793 693 891 726 Haec
914 693 976 726 tibi
998 693 1042 726 sit
1066 704 1147 726 cara
1170 704 1266 726 meus
1288 693 1374 727 Atto
1398 693 1519 726 fabula
1540 693 1646 736 plana
1659 717 1689 734 „.

761 746 846 780 Atto
869 756 1103 791 recognosens
1126 757 1189 780 cur
1211 747 1278 780 hoc
1302 747 1487 787 referebat,
1512 747 1557 780 ob
1581 747 1650 780 hoc
1672 758 1710 780 se

659 814 710 840 275
757 800 973 833 Constrinxit
994 811 1137 839 sursum,
1161 811 1231 834 non
1254 801 1402 843 amplius
1425 801 1501 843 ipse
1525 801 1689 834 deorsum

757 853 962 894 Descendit,
987 855 1099 887 donec
1123 865 1185 887 rex
1207 855 1334 888 mansit
1357 855 1402 887 ad
1425 854 1656 888 obsidionem.

756 908 837 941 Rex
859 908 997 941 firmans
1019 918 1156 952 gressus
1179 919 1245 941 nec
1268 918 1339 941 non
1364 908 1535 941 exercitus
1560 909 1643 948 eius,

757 962 908 1006 Pergere
933 973 1003 995 non
1026 972 1169 1005 usquam
1194 962 1313 1004 capiar
1335 962 1412 1002 nisi,
1435 962 1566 1006 cogitat
1587 973 1749 1006 unquam.

847 1014 953 1048 Circa
975 1026 1031 1047 me
1053 1015 1159 1048 factis
1180 1015 1285 1048 semis
1309 1015 1409 1048 simul
1433 1020 1467 1048 et
1490 1015 1601 1048 tribus
1624 1016 1735 1055 annis,

658 1077 711 1102 280
757 1068 924 1102 Attonem
947 1069 1045 1101 tedet
1067 1074 1138 1102 tam
1162 1069 1301 1113 longam
1324 1069 1418 1102 ferre
1443 1069 1614 1112 quietem;

756 1122 878 1156 Stabat
901 1123 993 1155 enim
1015 1133 1161 1161 sursum,
1184 1122 1339 1155 faciebat
1362 1122 1411 1154 nil
1435 1123 1501 1155 nisi
1525 1122 1652 1156 ludum.

756 1176 870 1209 Nocte
893 1176 982 1209 foris
1004 1176 1144 1209 missum
1168 1176 1314 1219 pepulit.
1336 1177 1506 1208 mandans
1528 1176 1635 1209 breve
1660 1177 1827 1220 scriptum

192 1249 212 1263 c.
227 1244 271 1262 ιον
756 1230 877 1263 Ottoni
900 1230 986 1274 regi,
1010 1230 1165 1274 rogitans
1187 1235 1226 1262 ut
1248 1241 1319 1263 non
1341 1230 1591 1272 pedetemptim

756 1284 809 1316 De
831 1294 941 1327 prope
964 1285 1113 1317 fidenter
1136 1285 1203 1317 sibi
1226 1284 1288 1317 sed
1311 1293 1515 1316 succurrere
1539 1289 1695 1327 temptet,

659 1345 709 1378 285
757 1338 1042 1371 Commemorans
1064 1338 1117 1371 illi
1141 1339 1234 1382 quod
1257 1336 1388 1370 dudum
1412 1338 1600 1379 sponderat
1622 1338 1701 1380 ipsi.

755 1392 836 1425 Otto
860 1392 982 1425 videns
1005 1392 1155 1430 missum,
1181 1391 1330 1424 laetatur
1353 1396 1406 1423 sat
1429 1401 1533 1433 super
1555 1391 1680 1433 ipsum:

757 1446 881 1478 Fortes
904 1450 1055 1478 armatos
1078 1444 1255 1482 collectos,
1279 1444 1374 1476 venit
1398 1444 1444 1476 ad
1468 1453 1570 1486 agros

757 1498 931 1536 Veronae,
953 1508 1102 1541 pensans
1125 1498 1339 1541 Berengerio
1363 1497 1445 1530 dare
1468 1497 1572 1537 bella,

755 1552 1003 1595 Transivitque
1024 1551 1161 1585 Padum
1183 1551 1327 1594 cupiens
1350 1550 1505 1593 reperire
1531 1551 1677 1584 relatum

661 1621 713 1644 290
758 1606 895 1649 Regem
918 1606 1105 1645 Canossae,
1127 1615 1315 1648 secumque
1338 1615 1417 1638 suos
1439 1605 1541 1637 simul
1563 1615 1690 1638 omnes.

756 1658 815 1692 Ad
837 1659 1002 1703 Ligurem
1024 1669 1141 1702 regem
1165 1658 1325 1701 pervenit
1348 1659 1442 1691 fama
1464 1665 1609 1701 repente

755 1713 890 1747 Ottonis
913 1713 1016 1758 regis,
1043 1723 1145 1756 quem
1167 1718 1313 1756 propter
1338 1712 1382 1745 ab
1406 1712 1589 1746 obsidione
1612 1714 1763 1746 recessit.

753 1766 870 1799 Armis
892 1765 1068 1810 acssturbis
1091 1766 1313 1799 circundatus
1335 1766 1490 1809 undique
1513 1766 1637 1806 multis,

756 1821 884 1854 Obviat
905 1821 942 1853 in
966 1826 1067 1863 prato
1091 1821 1120 1854 F
1121 1826 1269 1853 ontanae
1293 1831 1355 1852 rex
1377 1819 1454 1859 sibi,
1478 1820 1609 1854 clamor

655 1888 705 1915 295
752 1875 810 1907 Fit
832 1873 943 1907 subito
967 1874 1120 1918 grandis,
1143 1873 1286 1907 frameis
1307 1875 1507 1908 lacerantur
1529 1880 1564 1907 et
1586 1875 1705 1914 hastis,

754 1927 903 1961 Ensibus
924 1928 1084 1961 incidunt
1108 1938 1156 1966 se,
1180 1928 1283 1971 longe
1306 1933 1470 1970 personat
1492 1927 1590 1962 ictus.

754 1981 850 2014 Gens
872 1981 1068 2014 Alemanna
1090 1982 1183 2024 capit
1205 1981 1480 2025 Berengerium,*'
1492 1982 1662 2024 superatis

753 2035 856 2068 Tunc
879 2035 1132 2078 Longobardis,
1158 2045 1319 2078 campum
1342 2035 1426 2080 legit
1456 2035 1549 2074 Otto,
1572 2036 1718 2068 retraxit

753 2088 853 2121 Illico
876 2089 979 2121 frena
1001 2094 1107 2127 retro,
1131 2089 1288 2132 gaudens
1312 2089 1356 2122 de
1378 2099 1462 2132 rege
1484 2094 1621 2122 retento
1628 2102 1637 2127 ;

658 2156 710 2182 300
756 2142 871 2181 Quam
902 2142 1004 2176 citius
1028 2142 1140 2185 quivit
1163 2143 1248 2176 fines
1270 2143 1433 2186 proprios
1455 2143 1628 2186 repetivit,

757 2195 995 2238 Compedibus
1018 2206 1135 2240 regem
1158 2196 1322 2239 gravibus
1345 2195 1537 2239 stringebat
1557 2196 1771 2230 inhermem:

755 2249 877 2282 Donec
903 2249 994 2282 enim
1018 2249 1104 2283 vixit
1126 2249 1367 2293 Berengerius,
1390 2250 1486 2283 stetit
1507 2249 1605 2283 illic.'

189 2314 208 2330 c.
223 2309 270 2328 τόν
843 2301 927 2336 Post
949 2302 1037 2336 haec
1060 2302 1226 2336 Albertus
1249 2302 1410 2336 laudatur
1433 2303 1524 2336 filius
1548 2304 1622 2337 eius

753 2355 787 2388 A
808 2356 1054 2400 Longobardis
1077 2356 1167 2395 Rex,
1190 2357 1292 2390 fortis
1315 2357 1372 2390 hic
1396 2357 1510 2390 extitit
1533 2358 1658 2391 armis:

657 2423 707 2450 3⁰5
754 2409 857 2443 Stans
879 2410 914 2442 in
938 2420 1041 2453 equo,
1065 2411 1191 2443 dextra
1213 2411 1241 2443 si
1264 2411 1436 2453 percussit
1458 2421 1519 2443 sua
1543 2421 1761 2454 quemquam,

754 2463 839 2496 Mox
862 2463 990 2497 cecidit
1012 2463 1115 2508 longe
1140 2464 1283 2497 conciso
1310 2464 1427 2507 sepius
1449 2474 1544 2503 osse3

754 2516 890 2550 Attonis
912 2528 1034 2560 pacem
1057 2518 1195 2560 penitus
1219 2518 1428 2561 contempsit
1450 2529 1576 2552 amare.

754 2570 953 2613 Sumptibus
976 2570 1058 2604 Atto
1082 2581 1188 2615 sagax
1209 2581 1326 2604 arcem
1350 2572 1525 2614 propriam
1548 2573 1630 2606 satis
1646 2579 1772 2611 armat;

755 2625 834 2657 Rex
858 2623 1123 2667 equitansjacer
1147 2624 1367 2658 circundedit
1390 2625 1479 2658 illius
1503 2636 1630 2664 arcem,

657 2692 710 2717 310
755 2676 931 2720 Tempora
953 2688 1016 2720 per
1039 2677 1122 2711 bina
1144 2683 1262 2710 ternos
1284 2689 1488 2721 mensesque
1512 2690 1576 2722 per
1597 2681 1694 2713 iram.

759 2732 774 2748 ⁴⁴
787 2730 965 2763 Incassum
990 2737 1113 2768 certas,
1137 2737 1245 2773 pater,
1268 2741 1289 2764 o
1314 2740 1388 2770 rex,
1412 2737 1450 2764 ut
1473 2738 1550 2765 tuus
1574 2742 1690 2766 erras:

447 2873 473 2889 v.
492 2866 544 2890 28⁶
562 2874 575 2890 e
594 2864 670 2898 εἶέν.)
688 2865 796 2891 Inutile
815 2866 937 2891 rilevare
956 2867 983 2891 la
1003 2867 1175 2892 confusione
1196 2875 1255 2891 cro·
1311 2867 1439 2892 Canossa
1458 2869 1493 2893 da
1513 2870 1593 2900 parte
1613 2869 1640 2894 di
1668 2869 1834 2899 Adaffierto,
1857 2869 1906 2894 che
1925 2869 1971 2894 nel
1989 2875 2042 2894 suo
2060 2868 2205 2895 tentativo
2222 2899 2224 2902 v
2275 2882 2278 2895 t

362 2905 496 2937 nologlca
515 2915 529 2931 e
548 2907 576 2932 la
595 2907 769 2933 dIstinzlone
781 2909 873 2932 errata
887 2908 931 2932 dei
947 2909 1027 2941 regni
1041 2909 1070 2932 di
1083 2909 1256 2941 Berengario
1310 2910 1536 2935 insurrezionale
1562 2919 1630 2935 avea
1656 2911 1708 2936 ben
1733 2911 1809 2936 altro
1835 2912 1871 2936 da
1898 2912 1956 2936 fare
1981 2911 2031 2936 che
2049 2911 2165 2943 perdere
2180 2906 2235 2943 υἷ’
2274 2922 2278 2950 ⁴,

361 2953 375 2969 e
394 2946 564 2974 Adalberto:
584 2947 619 2974 ne
637 2950 660 2973 si
677 2947 734 2982 puo
747 2949 866 2978 credere,
881 2957 959 2974 come
974 2950 1060 2975 vuoie
1074 2950 1095 2974 il
1109 2949 1253 2975 Grimaldi
1310 2954 1405 2984 tempo
1424 2954 1541 2978 attorno
1562 2961 1577 2977 a
1597 2953 1740 2978 Canossa:
1762 2953 1868 2978 inoltre
1891 2953 1937 2983 D.,
1962 2953 2039 2978 ossIa
2064 2953 2092 2978 la
2115 2953 2206 2978 tradi-
2275 2953 2278 2970 ³

361 2986 412 3020 (op.
431 2989 485 3020 cit„
504 2990 557 3022 70),
577 2990 626 3015 che
644 2992 670 3015 si
689 2998 773 3023 possa
792 2991 904 3016 risen-ire
917 2992 943 3016 al
961 2991 1206 3024 965—661‘assedio
1225 2993 1256 3018 di
1311 2994 1403 3024 zione,
1424 2996 1546 3020 metteva
1566 2995 1724 3020 Adalberto
1746 2997 1775 3020 in
1797 2996 1941 3020 relazione
1961 3003 2013 3020 con
2032 2994 2169 3020 Ludolfo.
2216 2999 2225 3023 ,4
2275 2999 2277 3024 ἑ
