2288 3476
427 487 478 514 375

427 748 481 780 380

428 1015 479 1048 385

427 1289 481 1315 390

427 1556 478 1583 395

427 1823 481 1848 4⁰0

526 367 579 400 De
604 367 701 400 cuius
723 378 805 401 vere
829 368 1007 401 tristantur
1029 373 1140 400 morte
1165 366 1312 406 fideles,'

526 420 722 454 Scismatici
744 419 908 464 gaudent,
933 426 1009 453 erat
1031 420 1085 452 his
1109 421 1300 453 contrarius
1323 425 1462 458 autem;
2061 435 2082 449 c.
2096 430 2146 453 ser

526 473 641 513 Quem
663 474 731 507 sibi
755 474 937 507 commissa
959 484 1024 516 per
1046 473 1252 518 Gregorium
1277 473 1462 513 comitissa,

526 528 575 561 Ut
597 527 714 560 decuit
737 527 843 571 digne
866 526 1028 570 sepelivit
1051 532 1162 559 mesta
1184 526 1344 571 benigne.

527 579 634 614 Artus
657 579 815 613 Anselmi
839 579 996 613 condivit
1018 579 1163 613 Mantua
1184 580 1309 619 terris;

524 634 578 666 De
601 644 670 677 quo
694 633 791 677 quod
813 633 929 676 gliscit
952 633 1150 666 monstrasti
1174 633 1311 667 Christe
1333 633 1508 667 Mathildi.

525 687 616 720 Nam
638 687 764 720 virtute
789 693 848 719 tua
870 685 956 731 fecit
978 685 1146 719 miracula
1169 686 1287 729 plura3

526 738 692 773 Servulus
714 739 778 772 iste
801 745 878 772 tuus
901 739 946 771 de
969 739 1100 771 sanctis
1122 739 1239 772 extitit
1260 751 1368 779 unus3

524 793 730 828 Catholicae
753 793 844 836 parti
867 792 935 825 fuit
957 792 1123 825 indicium
1146 792 1347 835 probitatim

526 846 753 880 Scismaticae
777 846 867 888 parti
890 845 1027 889 signum
1051 846 1147 888 quasi
1171 846 1370 880 debilitatis.

524 899 611 933 Inde
634 899 879 942 triumphando
901 898 1031 943 gaudet
1055 899 1227 932 comitissa
1249 901 1451 943 precand03

525 954 636 986 Huius
657 953 751 985 enim
774 952 883 995 patris
905 951 1069 995 precibus
1091 958 1190 994 putat
1211 953 1383 986 auxiliari.

527 1005 684 1049 Cumque
708 1006 807 1039 daret
829 1005 950 1038 tumba
971 1005 1082 1037 sancti
1106 1005 1274 1038 miracula
1297 1006 1414 1045 multa,

525 1059 696 1092 Proderet
716 1064 755 1091 ut
777 1057 893 1090 multis
918 1064 996 1100 post
1018 1067 1082 1090 nos
1105 1068 1170 1100 per
1192 1059 1286 1091 secla
1310 1059 1445 1098 futuris,

525 1112 684 1146 Iusticiae
707 1111 835 1144 cultrix
857 1121 898 1143 ea
921 1110 1046 1153 partim
1069 1110 1209 1154 fingere
1231 1111 1350 1150 iussit3

526 1165 628 1205 Quae
652 1165 751 1197 simul
775 1170 810 1197 et
832 1164 947 1202 vitam,
971 1163 1168 1206 cappellani
1192 1164 1255 1197 sibi
1280 1165 1435 1204 dictant3

523 1219 670 1252 Tercius
694 1219 846 1251 existens
869 1217 914 1250 ab
938 1227 981 1250 eo
1004 1217 1174 1250 Lucensis
1197 1223 1232 1250 et
1255 1218 1314 1250 ille

525 1273 722 1317 Rangerius
744 1272 879 1304 Rector
902 1270 1047 1304 dictavit
1071 1281 1147 1304 eam
1162 1270 1227 1304 sibi
1252 1278 1362 1305 metro
1374 1284 1383 1310 3

524 1326 681 1360 Dictavit
704 1325 887 1368 pulchrum
909 1334 1022 1367 nuper
1044 1323 1240 1367 librumque
1264 1326 1466 1364 secundum,

527 1380 599 1420 Qui
621 1379 737 1412 baculi
758 1378 853 1411 litem
877 1377 1009 1416 diffinit,
1032 1377 1124 1410 misit
1147 1378 1251 1421 eique
1264 1377 1290 1416 ;'
2064 1385 2148 1410 auu

523 1433 738 1476 Principium
754 1431 853 1465 cuius
875 1432 920 1465 sit
942 1431 1011 1469 hic,
1036 1437 1071 1464 et
1092 1441 1162 1464 non
1185 1431 1311 1464 hesitet
1333 1432 1423 1466 ullus

525 1488 665 1525 Lector,
682 1486 743 1519 sed
766 1491 889 1518 noscat
913 1484 1006 1529 quod
1030 1490 1146 1518 cetera
1170 1484 1238 1518 sint
1260 1491 1370 1519 metra
1395 1486 1514 1520 docta:

527 1542 542 1558 “
557 1540 703 1575 Filiolae
727 1539 820 1572 Petri
842 1539 956 1572 violae
978 1543 1058 1581 post
1079 1538 1153 1571 lilia
1176 1539 1312 1579 dentur,

530 1597 544 1613 “
558 1595 669 1627 Detur
691 1593 725 1626 ei
749 1593 794 1626 de
817 1593 916 1625 fonte
938 1592 1004 1624 Dei
1030 1602 1087 1624 ros
1109 1592 1203 1624 unde
1226 1592 1392 1636 rigentur.

527 1650 541 1665 ⁴
558 1647 678 1690 Pugna
700 1646 769 1678 fuit
789 1645 904 1678 donec
926 1645 1038 1687 potuit
1061 1645 1172 1678 sevire
1197 1645 1385 1679 Guibertus

531 1703 546 1719 “
561 1699 738 1734 Perfidiae
762 1699 833 1732 dux
856 1698 1050 1732 aecclesiae
1072 1704 1228 1732 vastator
1250 1705 1399 1742 apertus.

527 1755 541 1770 ‘⁴
559 1753 631 1786 Sed
654 1752 743 1795 quid.
760 1752 792 1784 ei
814 1757 983 1794 temptare
1006 1751 1075 1784 Dei
1099 1751 1291 1785 firmissima
1314 1752 1454 1785 castra?

532 1808 546 1824 “
561 1806 731 1848 Nunquid
754 1815 796 1838 eo
818 1810 987 1848 regnante
1011 1806 1086 1838 Deo
1109 1805 1269 1848 pervenit
1291 1806 1337 1838 ad
1359 1805 1479 1838 astra?

529 1863 544 1878 ‘⁴
558 1859 717 1893 Mortuus
740 1865 792 1892 est
814 1865 850 1892 et
872 1858 1020 1892 traditus
1037 1865 1088 1892 est
1111 1859 1147 1892 in
1170 1859 1413 1902 perditionem,

217 1984 244 2001 v.
258 1973 326 2008 375)
344 1975 404 2005 sibi,
423 1975 488 1999 vale
508 1974 541 1999 ei.
1083 1972 1145 2004 poll
1158 1973 1189 1996 ln
1210 1970 1373 2006 Catalogna
1385 1979 1400 1997 e
1413 1980 1463 2006 per
1476 1972 1594 1997 fortuna
1613 1980 1648 1997 ne
1662 1974 1759 1997 traeva
1773 1974 1863 2006 copia,
1878 1970 1979 2005 perche

217 2027 243 2043 v.
259 2017 323 2050 377)
341 2014 591 2042 Sant'Anselmoe
604 2023 692 2041 ancor
706 2015 859 2048 seppeuito
872 2016 951 2040 sotto
967 2014 1029 2039 l’al-
1084 2014 1131 2039 nel
1152 2012 1219 2046 1835
1240 2014 1262 2038 ll
1286 2015 1383 2039 codice
1407 2013 1483 2040 ando
1508 2014 1628 2047 perduto
1655 2016 1684 2039 in
1711 2023 1748 2040 un
1777 2015 1912 2040 incendio
1932 2014 1978 2039 del

29 2048 42 2067 ι’
131 2060 192 2086 tare
211 2060 359 2093 maggIore
377 2059 422 2084 del
441 2059 555 2084 Duomo
574 2059 603 2083 di
623 2058 771 2087 Mantova,
797 2058 870 2082 dove
895 2064 942 2081 era
961 2063 1030 2089 pure
1083 2058 1236 2082 convento.
1272 2056 1314 2082 La
1334 2058 1417 2091 copia
1442 2058 1583 2082 ritrovata
1603 2057 1648 2082 nel
1678 2056 1745 2082 1866
1764 2057 1795 2081 fu
1814 2057 1979 2090 pubblicata

68 2101 84 2116 ¹
134 2102 284 2135 seppelllto
304 2101 459 2126 Bonifacio
474 2101 495 2125 il
509 2101 595 2133 padre
608 2101 637 2125 di
650 2100 786 2125 Matilde:
801 2099 878 2124 nella
891 2100 1029 2132 sagi-esna
1083 2098 1128 2123 nel
1146 2097 1214 2131 1870
1227 2099 1272 2123 del
1292 2098 1364 2124 dott.
1385 2098 1467 2124 Vlnc.
1487 2099 1530 2124 De
1549 2099 1577 2124 la
1596 2099 1703 2124 Fuente
1723 2100 1768 2124 col
1782 2099 1871 2124 titolo
1887 2099 1981 2124 Sancti
2006 2103 2041 2129 30

134 2146 158 2170 ai
180 2151 317 2169 conserva
341 2150 449 2169 ancora
474 2143 502 2168 la
529 2150 607 2168 cassa
627 2143 677 2168 che
702 2142 823 2168 avrebbe
848 2142 993 2167 custodito
1008 2142 1028 2166 11
1083 2141 1207 2166 Anselmi
1223 2141 1352 2166 Lucensis
1371 2142 1488 2173 episcopi
1514 2142 1582 2170 Vita,
1597 2142 1739 2174 Rangerio
1758 2149 1906 2166 successore
1924 2149 1978 2170 suo,

40 2202 43 2225 3
72 2177 83 2216 'L
134 2194 231 2220 corpo.
249 2186 370 2212 Matilde
382 2185 548 2218 (amnon,
559 2189 600 2217 op.
611 2186 666 2215 cit..
677 2192 704 2219 p.
718 2184 764 2217 21)
777 2182 880 2209 assiste
889 2183 1029 2209 Anselmo
1084 2183 1190 2207 saeculo
1203 2183 1272 2207 XII
1285 2183 1402 2211 ineunte,
1421 2182 1506 2207 latino
1519 2183 1637 2207 carmine
1649 2183 1761 2214 scripta.
1800 2182 1922 2211 Matriti,
1936 2183 1978 2215 ty-

40 2225 55 2262 j,
67 2223 74 2233 ‘
91 2227 96 2230 ’
133 2229 208 2262 negll
228 2229 324 2254 ultimi
344 2228 443 2262 glomi
462 2235 477 2253 e
496 2227 637 2261 provvide
656 2227 713 2253 alla
732 2234 782 2252 sua
801 2226 1004 2252 tumulazione.
1083 2226 1128 2258 pls
1148 2225 1252 2250 viduae
1271 2227 1299 2250 et
1316 2224 1370 2250 filii
1389 2224 1420 2250 E.
1439 2225 1572 2257 Agnado,
1603 2224 1678 2258 1870.
1716 2226 1880 2258 Dell’opera
1899 2226 1922 2249 si
1942 2225 1979 2249 ha

220 2281 247 2298 v.
262 2273 315 2304 383
334 2281 348 2297 e
366 2271 441 2305 sgg.)
460 2271 581 2296 Matilde
602 2271 660 2296 fece
673 2269 846 2302 raccogliere
859 2270 970 2295 notizia
982 2270 1027 2294 dei
1082 2268 1237 2293 un’analisi
1258 2269 1287 2293 in
1307 2267 1341 2293 G.
1362 2267 1502 2299 Cor-uem,
1533 2269 1572 2294 Uu
1597 2277 1681 2294 nuovo
1701 2272 1797 2300 poema
1819 2269 1903 2293 latino
1923 2269 1978 2293 del-

51 2296 63 2323 ζ’·
134 2315 265 2342 miracoli
285 2315 422 2340 avvenuti
441 2314 517 2339 sulla
536 2314 634 2339 tomba
653 2313 682 2338 di
708 2313 846 2338 Anselmo
870 2313 906 2337 ad
932 2312 1028 2337 alcuni
1082 2311 1156 2335 I'XI
1163 2311 1256 2340 secolo,
1276 2310 1376 2341 Roma,
1399 2309 1474 2344 1895.
2008 2316 2039 2343 35

133 2357 179 2383 dei
197 2357 274 2390 quali
295 2356 409 2381 sarebbe
428 2357 503 2381 stata
523 2355 610 2381 anche
628 2356 772 2389 presente:
793 2354 839 2379 nel
865 2355 980 2387 maggio
1005 2354 1027 2378 il
1170 2362 1217 2378 vv.
1232 2351 1342 2386 39¹·95)
1361 2352 1479 2385 L’opera
1498 2351 1513 2378 e
1531 2353 1682 2378 intstolata
1703 2354 1786 2378 Liber
1805 2354 1836 2377 de
1856 2354 1934 2378 anulo
1954 2357 1981 2377 et

33 2424 43 2436 .-
133 2405 254 2424 vetcovo
274 2397 396 2430 Ubaldo,
418 2398 446 2423 la
465 2397 629 2422 informava
646 2396 673 2421 di
698 2404 756 2422 uno
782 2397 927 2421 avvenuto
947 2395 969 2420 il
996 2402 1028 2428 14
1081 2396 1173 2420 baculo
1197 2396 1251 2426 (M.
1276 2396 1307 2420 G.
1329 2397 1374 2425 H..
1394 2396 1498 2420 Lae'bells'
1514 2397 1547 2421 de
1566 2397 1614 2420 lite
1634 2396 1768 2427 ecclesiae,
1792 2395 1826 2427 11,
1853 2403 1879 2428 p.
1907 2395 1978 2427 505),

80 2436 84 2441 ¹
134 2442 255 2474 maggio.
291 2440 354 2465 Essi
375 2442 398 2465 si
419 2440 542 2473 leggono
562 2439 593 2464 in
613 2439 725 2472 seguito
745 2438 802 2463 alla
828 2438 888 2463 Vita
907 2438 1030 2463 Anselmi
1082 2446 1127 2463 ma
1146 2439 1237 2470 questi
1258 2438 1311 2463 due
1331 2439 1417 2471 primi
1437 2440 1511 2463 versi
1532 2445 1671 2463 mancano
1691 2440 1736 2463 nei
1757 2439 1859 2467 codici,
1880 2436 1980 2470 perche

54 2464 78 2511 22v
133 2482 164 2508 dl
181 2483 318 2508 Bar-done.

133 2821 180 2846 dal
197 2819 325 2846 Lelbniz.

1081 2482 1344 2513 rappresentavano
1362 2480 1390 2504 la
1415 2480 1515 2504 dedica
1540 2480 1713 2512 particolare
1740 2479 1938 2512 dell’operetta
1965 2487 1980 2504 a

219 2534 248 2550 v.
262 2523 323 2558 388)
343 2524 407 2550 Con
426 2525 519 2556 questi
539 2523 700 2558 cappellani
721 2523 771 2548 che
790 2522 964 2556 raccolgono
979 2530 1028 2556 per
1082 2522 1211 2552 Minime,
1230 2529 1308 2547 come
1328 2522 1480 2555 l’Epistola
1500 2522 1679 2547 dedicatoria
1704 2522 1732 2546 di
1758 2522 1794 2546 D.
1820 2530 1834 2546 a
1859 2521 1980 2546 Matnde
2008 2525 2042 2551 40

133 2567 254 2593 Matilde
278 2567 307 2592 la
326 2568 387 2592 vita
406 2575 420 2591 c
440 2568 449 2591 i
469 2566 604 2591 miracoli
629 2567 658 2591 di
678 2565 817 2591 Anselmo
835 2566 871 2590 D.
896 2565 993 2590 allude
1013 2574 1028 2590 a
1082 2571 1173 2590 venne
1192 2572 1301 2590 omessa
1320 2564 1368 2589 dal
1387 2565 1492 2598 copisti
1513 2564 1558 2589 del
1578 2566 1732 2598 poemetto.

67 2639 79 2643 ¹.
133 2609 262 2636 Bai-done
281 2612 359 2643 prete
379 2609 507 2635 lucchese
526 2610 576 2634 che
594 2616 665 2634 avea
684 2609 797 2641 seguito
810 2608 949 2634 Anselmo
969 2609 1027 2634 nel·
1168 2607 1231 2632 Essi
1252 2614 1324 2632 sono
1344 2607 1488 2632 sonitum
1508 2608 1543 2632 da
1562 2609 1668 2640 questi:

72 2670 79 2687 ,ι
134 2652 246 2685 Petilio,
261 2660 276 2678 e
289 2653 390 2678 scrisse
402 2653 431 2677 di
446 2652 488 2676 lul
502 2652 530 2677 la
543 2652 604 2676 vita
623 2651 777 2676 ricordata.
813 2651 880 2676 Non
900 2652 924 2676 si
939 2653 1028 2676 tratta

134 2695 234 2728 qulndi
253 2695 283 2720 di
303 2694 466 2729 cappellani
485 2695 513 2719 di
533 2694 663 2724 Matilde,
683 2701 697 2718 e
717 2694 738 2718 il
757 2693 817 2723 sibi,
838 2701 918 2718 come
936 2694 964 2718 al
985 2701 1027 2718 so-

134 2737 189 2763 lito
207 2738 238 2762 in
257 2738 303 2768 D„
322 2737 386 2762 vale
403 2737 430 2761 ei
453 2734 518 2761 cioe
531 2743 581 2768 per
594 2735 642 2761 lei.
679 2734 789 2764 Questo
803 2743 885 2760 verso
898 2742 1031 2760 erronea-

133 2780 226 2805 mente
244 2779 377 2813 spiegato
400 2779 459 2804 fece
478 2779 619 2803 chiamare
632 2778 668 2804 D.
681 2778 852 2812 cappellano
865 2778 896 2803 di
909 2778 1029 2803 Matllde
1082 2779 1117 2803 D.
1137 2777 1257 2804 avi-ebbe
1276 2778 1364 2802 avuto
1384 2777 1486 2810 quindi
1505 2779 1549 2802 tra
1568 2783 1653 2802 mano
1673 2785 1689 2801 o
1708 2777 1731 2801 il
1751 2777 1849 2802 codice
1868 2785 1980 2810 presen-
2008 2784 2040 2812 45

1187 2668 1294 2694 Eximio
1312 2668 1396 2693 Petri
1413 2668 1481 2693 socio
1499 2668 1637 2700 Paulique
1658 2667 1770 2693 Iohanni

1188 2710 1348 2743 Rangerius
1367 2711 1420 2735 iam
1440 2711 1567 2735 dimidius
1585 2711 1631 2735 sub
1642 2711 1729 2743 fauce
1748 2710 1899 2734 Alemanni.

1083 2822 1146 2846 tato
1166 2820 1201 2844 da
1220 2819 1368 2852 Rangerio
1387 2826 1404 2844 a
1422 2819 1542 2844 Matilde
1561 2827 1578 2844 ο
1598 2827 1654 2844 una
1673 2827 1723 2844 sua
1742 2819 1836 2851 copla.
1872 2819 1885 2844 1
1904 2821 1978 2844 versi

221 2871 248 2888 v.
263 2862 327 2897 390)
345 2863 501 2896 Rangerio‚
522 2869 645 2888 vescovo
664 2862 695 2887 di
714 2861 807 2888 Lucca
832 2861 879 2887 dal
908 2868 975 2895 1097
1000 2862 1029 2887 al
1083 2868 1173 2895 4014,
1193 2860 1284 2894 407-8‚
1303 2868 1352 2893 421
1374 2869 1514 2886 mancano
1534 2861 1580 2886 nel
1600 2861 1697 2886 codice
1722 2861 1758 2886 da
1784 2862 1828 2886 cui
1857 2862 1888 2886 su
1909 2862 1980 2886 satta

67 2926 71 2930 .
135 2911 211 2935 1112
223 2907 325 2932 scrisse
338 2906 369 2931 ln
386 2907 457 2930 versi
473 2912 529 2930 una
542 2905 603 2930 vita
617 2904 647 2930 dl
660 2904 809 2934 Amadum,
819 2905 851 2929 ln
864 2912 936 2937 gran
949 2906 1030 2937 parte
1083 2905 1235 2930 l’edizlone
1258 2904 1335 2929 della
1363 2906 1500 2936 operetta.
1537 2904 1569 2929 In
1599 2906 1697 2936 questa
1722 2911 1807 2937 opera
1836 2902 1979 2937 Rangerlo

31 2939 78 2980 ’ἐ
117 2947 255 2974 jondans
280 2948 348 2972 sull'
348 2955 435 2982 opera
461 2948 489 2972 di
510 2947 650 2976 Bardone,
675 2947 793 2972 rimasta
814 2947 913 2980 ignota
938 2945 1029 2971 finche
1083 2953 1189 2980 appare
1207 2943 1258 2979 piu
1277 2946 1434 2971 artificioso
1455 2947 1504 2971 che
1524 2946 1600 2971 nella
1620 2947 1681 2971 vita
1702 2946 1732 2971 di
1752 2946 1898 2978 Anselmo,
1920 2953 1981 2971 essa

22 2994 119 3023 [Νη
134 2996 193 3014 non
212 2997 303 3015 venne
322 2991 453 3023 scoperta
472 2989 519 3014 nel
542 2988 609 3015 1806
628 2989 674 3014 dal
700 2996 727 3022 p
752 2989 940 3014 domenicano
961 2988 1029 3014 Gia-
1084 2989 1114 3014 su
1134 2989 1212 3014 certo
1226 2988 1327 3013 scritta
1339 2988 1416 3020 dopo
1429 2987 1457 3012 la
1471 2989 1560 3013 morte
1580 2987 1609 3012 di
1628 2985 1770 3012 Guiberto
1790 2985 1830 3019 (v.
1849 2985 1923 3020 401),
1936 2995 1981 3012 ma
2010 2994 2043 3022 50

43 3024 65 3039 ‘¹
135 3038 216 3057 como
235 3032 265 3057 di
284 3032 458 3058 villanueva
480 3033 525 3057 nel
546 3033 709 3057 monastero
730 3031 758 3056 di
779 3031 808 3057 S.
826 3030 917 3057 Maria
937 3030 1029 3056 (11Βί-
1084 3031 1203 3057 vivente
1221 3029 1327 3055 Enrico
1347 3028 1386 3063 (v.
1406 3027 1478 3064 4⁰2)-
