2288 3476
321 381 388 415 1085
434 374 590 419 Contigit
611 375 662 407 ire
684 373 791 407 semel
813 372 909 412 illuc,
932 382 1132 416 moremque
1154 377 1277 405 tenere

438 427 540 460 Illum
563 437 665 471 quem
688 426 819 460 dudum
841 427 992 459 retinere
1015 425 1148 459 solebat
1172 425 1208 458 in
1232 435 1312 458 usu:

439 480 586 514 Scilicet
608 481 769 513 assistens
791 481 837 513 ad
861 490 947 523 opus
970 479 1086 512 divum
1109 479 1220 512 bonus
1242 479 1328 521 ipse,

443 534 564 567 Stabat
585 534 623 566 in
646 533 784 566 excelso
807 533 893 566 solio
916 543 986 566 non
1010 533 1116 566 corde
1140 532 1307 575 superbo;

441 587 695 630 Aspiciensque
719 586 873 624 chorum,
897 586 1010 619 facies
1031 585 1119 618 vidit
1142 585 1340 628 puerorum'

439 641 480 673 In
502 647 596 674 terra
616 650 756 682 prona8‚
778 639 963 682 psallentes
986 638 1136 672 dulciter
1158 639 1271 671 horas.
1973 647 1993 661 c·
2010 647 2056 666 ιον

441 695 494 727 De
518 693 642 737 quibus
663 693 839 726 admirans
860 693 907 725 ita
933 703 994 725 cur
1016 697 1107 724 stant
1129 702 1235 736 seque
1258 692 1421 736 regirant,

442 746 474 779 A
497 746 677 780 monachis
701 745 825 779 didicit
849 755 985 788 semper
1009 745 1103 788 quod
1126 750 1217 778 stant
1240 745 1289 777 ita
1311 745 1381 778 fixi.

440 801 516 833 Hoc
541 810 611 832 non
634 798 759 832 oblitus
781 798 951 832 iocundus
973 797 1045 831 dux
1066 804 1102 831 et
1124 798 1270 841 opimus,

442 854 495 886 Ire
517 863 620 895 super
643 857 771 884 tectum
796 852 885 884 clam
909 851 1031 894 templi
1053 851 1139 895 fecit
1161 852 1345 884 honestum

442 906 628 945 Quendam
652 905 782 948 quippe
805 905 916 937 virum
939 914 1017 936 cum
1040 905 1196 942 nummis,
1219 904 1293 938 vult
1316 905 1397 948 quia
1420 905 1543 937 mirum

441 960 520 1002 Ipse
544 958 674 991 videre.
716 958 847 990 Decem
870 956 976 990 libras
999 957 1052 989 vir
1074 957 1177 990 iactat
1200 957 1245 990 ab
1268 958 1367 996 aede,

442 1013 482 1045 In
505 1012 690 1054 medioque
715 1010 821 1043 choro
845 1010 1007 1053 strepitus
1030 1015 1129 1043 sonat
1152 1016 1186 1043 et
1209 1021 1410 1053 puerorum:

444 1064 600 1104 Quorum
624 1063 812 1106 palpebrae
835 1063 972 1106 penitus
995 1073 1061 1095 nec
1085 1063 1136 1095 sic
1159 1069 1315 1106 patuere,

439 1118 587 1161 Aspexit
610 1128 796 1155 nummum,
818 1116 933 1160 tetigit
958 1125 1028 1149 non
1051 1116 1141 1149 ullus
1164 1122 1199 1149 et
1220 1127 1336 1149 unum.

441 1172 545 1205 Unde
568 1170 679 1215 magis
701 1170 857 1214 gaudens
880 1169 1080 1212 praeclarus
1102 1169 1186 1209 dux,
1210 1169 1257 1202 ait
1279 1175 1412 1203 autem:

446 1228 460 1243 ⁴⁴
473 1226 514 1258 In
536 1225 684 1258 modicis
707 1225 805 1258 annis
827 1230 907 1256 sunt
928 1223 965 1256 hi
987 1223 1087 1267 pueri
1108 1224 1204 1256 velut
1227 1223 1334 1264 almi„

441 1279 537 1312 Talis
560 1279 722 1311 laudetur
743 1278 851 1316 iocus,
874 1287 916 1310 ac
939 1276 1114 1315 recitetur,
1138 1282 1279 1309 ametur.

326 655 395 681 1090

327 921 394 948 1095

327 1187 396 1206 1100

4 1447 6 1449 ,
44 1413 142 1448 XVI.
164 1413 271 1456 ,Quod
291 1424 312 1446 a
333 1413 477 1457 regibus
504 1412 720 1445 Thcutonicaek
743 1412 837 1444 venit
851 1421 920 1444 mos
933 1411 1152 1444 venundandi
1161 1411 1348 1453 aecclesias,
1373 1415 1407 1443 et
1429 1411 1519 1454 quod
1531 1411 1736 1455 Bomsacius
1759 1411 1893 1455 accepit

131 1467 210 1500 inde
233 1467 474 1511 poenitentiam
496 1477 518 1498 a
539 1470 654 1498 sancto
678 1466 834 1498 Guidone
856 1465 985 1497 abbate.

443 1555 654 1588 Theutonici
677 1565 779 1599 reges
801 1564 1002 1597 perversum
1026 1554 1154 1598 dogma
1176 1559 1370 1597 sequentes,

441 1608 592 1651 Templa
614 1608 744 1641 dabant
766 1607 890 1640 summi
913 1606 1042 1640 domini
1067 1606 1247 1650 sepissime
1270 1607 1418 1639 nummis

443 1661 644 1695 Presulibus
668 1661 820 1699 cunctis3
845 1661 906 1694 sed
930 1666 964 1693 et
986 1660 1098 1694 omnis
1121 1660 1304 1704 episcopus
1326 1660 1447 1699 urbis,'

445 1715 569 1748 Plebes
591 1714 765 1747 vendebat
788 1724 874 1757 quas
897 1713 960 1747 sub
983 1724 1019 1746 se
1043 1713 1190 1758 quisque
1212 1713 1366 1758 regebat.

447 1768 617 1811 Exemplo
641 1778 787 1811 quorum
809 1767 966 1800 manibus
988 1777 1054 1800 nec
1077 1777 1148 1800 non
1171 1767 1340 1800 laicorum

444 1821 646 1855 Aecclesiae
670 1820 798 1854 Christi
819 1820 1060 1854 vendebantur
1084 1819 1279 1854 maledictis

445 1873 660 1913 presbiteris,
684 1874 798 1914 cleris,
822 1874 917 1918 quod
941 1880 1015 1907 erat
1037 1874 1198 1908 confusio
1220 1874 1343 1917 plebis.

447 1927 528 1967 Qua
551 1929 595 1961 de
618 1937 655 1960 re
679 1927 794 1960 Guido
816 1937 916 1960 sacer
938 1926 1044 1960 abbas
1067 1926 1182 1971 arguit
1205 1927 1309 1960 immo

447 1981 550 2014 Hunc
573 1981 805 2014 Bonefacium
828 1990 873 2013 ne
895 1981 1063 2013 venderet
1086 1980 1249 2023 amplius;
1273 1979 1383 2024 ipsum

447 2036 542 2069 Ante
564 2035 631 2067 Dei
652 2035 770 2067 matris
792 2034 901 2067 altare
925 2033 1078 2077 flagellat
1099 2034 1226 2067 amaris

449 2088 664 2122 Verberibus
687 2088 828 2127 nudum,
852 2087 911 2130 qui
935 2087 1074 2120 deliciis
1097 2093 1171 2120 erat
1193 2098 1284 2121 usus.

449 2142 643 2185 Pomposae
666 2142 764 2174 vovit
786 2147 868 2173 tunc
892 2139 1076 2184 abbatique
1101 2141 1264 2180 Guidoni,

448 2195 668 2229 Aecclesiam
691 2194 822 2227 nullam
846 2194 941 2238 quod
963 2194 1040 2237 ipse
1062 2194 1229 2227 venderet
1252 2205 1413 2238 unquam.

449 2249 526 2282 Hoc
549 2259 614 2291 pro
636 2253 785 2290 peccato
808 2247 924 2280 multis
946 2246 1091 2290 aliisque
1114 2253 1262 2290 patrato,

451 2302 560 2335 Vovit
582 2300 698 2334 adhuc
721 2307 839 2335 votum
862 2301 1038 2335 nonnullis
1061 2301 1213 2344 denique
1228 2308 1362 2335 notum:

454 2355 597 2389 Scilicet
620 2356 666 2388 ad
688 2355 818 2388 cultum
842 2355 973 2388 Christi
995 2360 1222 2398 sanctumque
1245 2355 1440 2398 sepulcrum

330 1677 397 1703 1105

1980 1725 2001 1741 e.
2015 1724 2063 1743 5⁹¹⁴

333 1944 401 1962 1110

334 2211 401 2237 11¹5

142 2501 169 2518 v.
186 2490 266 2526 1094)
284 2493 425 2522 honestum,
443 2491 542 2516 ficiato.
1002 2491 1079 2515 sotto
1098 2489 1126 2514 di
1148 2489 1189 2514 lui
1203 2489 1345 2523 Pomposa
1358 2490 1425 2515 ebbe
1438 2489 1460 2515 n
1472 2490 1565 2522 primo
1578 2489 1684 2523 grande
1697 2489 1849 2522 sviluppo:
1864 2497 1896 2514 su
1928 2494 1959 2521 ις

142 2543 168 2559 v.
187 2534 265 2567 109⁶)
282 2534 366 2559 Dleci
387 2534 441 2558 lire
460 2533 608 2558 sarebbero
621 2534 695 2557 state
708 2539 779 2565 2400
793 2533 905 2557 monete
918 2532 948 2557 di

55 2583 94 2602 un
113 2576 233 2602 donaro:
247 2574 379 2609 quantita
391 2577 532 2600 eccessiva
545 2582 594 2607 per
607 2582 681 2600 esser
693 2576 804 2608 gettata
817 2575 863 2599 dal
876 2575 950 2599 tetto

34 2620 39 2623 ’
56 2619 102 2644 nel
122 2620 210 2644 coro!

144 2670 170 2686 v.
189 2659 268 2694 1102)
293 2661 368 2686 Talis
387 2661 514 2685 laudetur
532 2661 603 2685 locus
621 2668 653 2684 ac
678 2660 808 2685 recitetur
833 2667 848 2684 a
873 2659 949 2684 edifi-

1005 2531 1034 2556 di
1054 2538 1116 2556 esso
1135 2532 1158 2555 sl
1179 2531 1291 2556 vedano
1310 2531 1337 2555 le
1356 2532 1469 2556 antiche
1489 2531 1549 2556 vite
1567 2532 1598 2556 in
1618 2531 1771 2560 anmucx,
1791 2532 1894 2555 Rerum

1005 2574 1242 2605 Pompusianarum
1264 2574 1399 2603 Historia,
1418 2573 1520 2603 Roma,
1542 2572 1617 2606 1781.

1093 2625 1119 2641 v.
1139 2615 1219 2648 1105)
1238 2617 1391 2649 Disprezzo
1411 2624 1460 2649 per
1479 2617 1490 2641 i
1509 2617 1623 2641 vescovi
1643 2623 1659 2641 e
1685 2617 1762 2641 tutto
1783 2616 1804 2640 il
1824 2616 1900 2640 clero

1005 2659 1130 2684 secolare
1148 2658 1192 2683 fra
1212 2659 1258 2683 cui
1278 2667 1335 2684 non
1356 2660 1379 2684 si
1402 2659 1429 2684 fa
1449 2659 1553 2684 alcuna
1573 2659 1759 2683 distinzione.

38 2729 39 2732 ,
56 2704 172 2729 cazlone
191 2703 237 2728 del
257 2703 366 2728 novlzi.
403 2703 444 2727 Lo
463 2702 580 2727 seherzo
600 2702 716 2735 volgare
735 2708 750 2726 e
762 2709 836 2735 poco
849 2701 949 2736 rispet-
1093 2709 1119 2725 v.
1134 2699 1206 2734 111⁰)
1219 2700 1262 2725 La
1276 2700 1360 2733 colpa
1374 2701 1404 2725 di
1417 2701 1571 2725 Bonisnclo
1585 2699 1600 2725 ὲ
1613 2701 1767 2725 accennata
1782 2700 1901 2725 insieme
1929 2710 1963 2728 ²0

31 2741 35 2744 “
56 2746 121 2771 tono
140 2746 216 2771 della
234 2745 328 2770 chiesa
347 2743 363 2770 ὲ
382 2745 418 2770 da
437 2744 474 2769 D.
493 2744 593 2769 lodato
612 2743 713 2776 perche
726 2744 847 2769 riuscito
861 2751 876 2769 a
889 2744 951 2777 glo·
1004 2750 1059 2768 con
1079 2742 1108 2767 la
1126 2743 1285 2775 penitenza,
1305 2751 1319 2767 e
1338 2743 1414 2775 dopo
1436 2750 1541 2768 aven-ne
1566 2742 1640 2768 (atta
1665 2742 1779 2767 risalire
1805 2742 1833 2766 la
1860 2749 1902 2767 re-

57 2789 100 2813 tia
118 2788 164 2813 del
183 2788 307 2814 monaci.
344 2787 368 2811 Il
388 2787 529 2812 Muratori
550 2793 666 2811 ossei-vs
685 2786 716 2811 ln
735 2793 793 2811 una
812 2787 881 2811 nota
901 2787 951 2811 che
1005 2782 1197 2818 sponsabilita
1216 2786 1243 2809 ai
1265 2792 1293 2809 re
1312 2785 1448 2809 tedeschl.
1555 2779 1557 2781 ’

2 2851 3 2854 ,
33 2822 36 2827 ’
58 2829 157 2854 ulcune
175 2828 238 2854 lodi
256 2828 404 2861 generiche
423 2828 451 2853 di
466 2827 621 2852 Bonifacio
635 2827 685 2852 che
698 2828 721 2852 si
737 2829 862 2852 trovano
877 2828 951 2853 nelle
1092 2835 1119 2851 v.
1139 2827 1205 2851 1118
1225 2836 1238 2851 e
1256 2826 1333 2860 sgg.)
1359 2827 1416 2855 Qui
1444 2828 1472 2851 vi
1499 2825 1514 2851 'e
1539 2834 1595 2851 una
1616 2828 1690 2852 certa
1710 2826 1900 2851 confusione:

35 2879 37 2882 ⁴
57 2870 190 2904 Epitome
207 2870 362 2904 Reggstna,
381 2871 494 2895 devono
508 2876 596 2894 essere
608 2877 689 2903 prese
707 2869 754 2894 dal
767 2877 826 2902 cap.
847 2869 886 2894 IX
905 2870 949 2894 del
1005 2877 1033 2894 se
1053 2870 1073 2894 il
1094 2871 1164 2895 voto
1184 2870 1214 2894 su
1234 2870 1309 2895 fatto
1329 2870 1415 2903 pochi
1434 2870 1505 2895 mesi
1524 2871 1616 2903 prima
1635 2869 1665 2895 di
1692 2871 1808 2901 morire,
1833 2870 1902 2894 deve

36 2932 38 2934 v
57 2920 166 2946 poema,
184 2913 344 2938 altrimenti
362 2913 575 2945 bisognerebhe‚
602 2912 672 2941 dice,
692 2919 810 2944 pensare
834 2919 851 2936 a
875 2914 949 2937 versi
1005 2919 1094 2936 essere
1112 2911 1158 2936 del
1180 2917 1257 2943 1051,
1276 2919 1291 2937 e
1310 2912 1402 2936 allora
1423 2918 1480 2936 non
1499 2911 1556 2945 pub
1569 2919 1637 2936 aver
1649 2911 1804 2942 relazlone,
1823 2919 1901 2936 come
1929 2918 1961 2945 25

33 2990 36 2994 ⁵
58 2956 169 2988 perduti
190 2955 222 2980 di
240 2956 339 2988 questo
366 2955 503 2988 capitolo.
540 2954 665 2979 L'esame
686 2954 714 2978 dl
742 2955 765 2979 V
779 2962 794 2978 e
813 2954 890 2987 degli
910 2954 950 2979 al-

32 2995 37 3002 *
58 2998 96 3022 tri
117 2996 208 3022 codici
230 2996 298 3029 pero
323 2996 353 3021 lo
372 2997 494 3022 esclude.

146 3038 200 3063 San
221 3037 327 3069 Guido,
347 3038 428 3063 abate
447 3039 475 3063 di
496 3038 647 3071 Pomposa,
674 3039 766 3062 morto
794 3038 838 3062 nel
867 3036 950 3071 1046;

1006 2954 1031 2978 le
1051 2954 1148 2987 parole
1167 2954 1194 2978 di
1215 2954 1250 2979 D.
1262 2954 1431 2987 potrebbero
1447 2954 1490 2978 far
1503 2954 1624 2983 credere,
1638 2961 1692 2978 con
1707 2953 1734 2978 la
1748 2953 1902 2986 penitenza

1006 2996 1172 3030 impostagli
1199 2996 1236 3021 da
1260 2994 1357 3021 Guido
1384 2997 1478 3020 morto
1505 2996 1550 3020 nel
1579 2995 1655 3027 1046.
1693 2986 1714 3020 12:
1740 2996 1841 3020 invece
1867 2996 1902 3020 da

1006 3038 1126 3063 rilevare
1144 3039 1195 3063 che
1214 3040 1342 3072 appunto
1361 3038 1438 3071 dopo
1458 3039 1485 3062 la
1505 3045 1647 3070 promessa
1668 3038 1739 3063 satta
1766 3046 1780 3064 a
1806 3036 1901 3063 Guido
