2288 3476
1020 219 1151 255 VITA
1178 216 1471 254 MATHILDIS

639 351 674 376 60
719 342 867 375 Turbati
890 347 983 374 certe
1006 340 1116 374 fortes
1139 345 1218 372 sunt
1241 344 1346 383 atque
1370 345 1531 382 potentes

719 396 788 428 Per
811 400 919 427 totum
941 403 1098 436 regnum,
1123 393 1293 432 dicentes,
1317 402 1392 425 esse
1416 392 1602 435 superbum

718 449 799 481 Non
823 447 946 490 parere
970 446 1029 489 pie
1053 445 1237 478 sinceriter
1259 451 1364 488 atque
1390 445 1542 489 benigne

720 503 901 536 Romanae
925 500 1009 538 sedi,
1034 510 1122 542 quae
1148 499 1264 532 claves
1287 499 1446 532 continet
1469 500 1557 533 aevi.

720 554 802 593 Quo
827 553 922 587 circa
945 562 1064 596 regem
1087 556 1243 585 statuunt
1266 557 1514 595 contempnere
1538 559 1635 588 recte

638 617 672 650 65
719 609 764 641 Ni
788 608 920 645 redeat,
944 615 1056 649 papae
1079 615 1204 648 pacem
1228 606 1364 639 studeat
1386 615 1563 640 revocare.

720 662 800 694 Non
824 660 927 692 aliter
950 669 987 691 se
1011 669 1073 691 rex
1096 668 1244 691 noscens
1267 668 1414 702 regnare
1437 659 1564 698 valere,

717 715 777 747 Ad
801 712 1047 746 consobrinam
1070 711 1272 745 Mathildim
1294 712 1395 751 misit,
1418 718 1456 745 ut
1478 713 1555 756 ipsa

717 767 932 802 Conscilium
955 771 1109 809 caperet,
1136 776 1204 811 quo
1228 776 1320 809 papa
1342 766 1477 799 veniret
1500 766 1545 800 ab
1568 768 1664 802 Urbe

716 819 1011 864 Longobardiam‚
1034 825 1170 862 peteret
1193 819 1330 852 veniam
1354 819 1418 853 sibi
1442 820 1585 865 dignam

639 889 672 916 ⁷0
719 876 808 918 Ipse,
833 884 931 906 suum
954 873 1084 906 iussum
1107 873 1240 906 faceret
1263 873 1370 906 dubio
1392 874 1516 916 procul
1537 874 1640 910 ultro.

717 929 814 971 Papa
837 937 1030 970 precesque
1053 927 1177 959 videns
1201 926 1362 960 dominae
1385 927 1578 969 Maffissdis,
1602 929 1716 962 eidem

719 981 827 1022 Quod
850 980 985 1024 quaerit
1008 980 1137 1013 donat:
1162 979 1292 1014 dimisit
1315 981 1466 1024 denique
1490 980 1650 1022 Romam,

716 1035 834 1078 Opilio
858 1034 983 1078 dignus
1005 1033 1192 1067 Canossam
1215 1034 1311 1066 venit
1333 1040 1369 1066 et
1389 1034 1490 1068 intus.

722 1089 837 1129 Quem
862 1088 983 1122 Sancti
1007 1087 1104 1120 Petri
1128 1087 1205 1120 vice
1229 1087 1381 1132 digniter
1403 1088 1462 1121 illa
1484 1089 1633 1133 recepit,

636 1157 669 1184 75
716 1142 917 1177 Salvificum
941 1151 1055 1174 rorem
1079 1150 1169 1185 quae
1192 1151 1305 1184 papae
1328 1142 1475 1184 sumpsit
1497 1142 1541 1175 ab
1565 1143 1653 1176 ore.'

163 1223 167 1227 .
181 1214 209 1231 50
218 1213 231 1227 r

719 1249 836 1283 Affuit
859 1254 894 1281 et
915 1249 1012 1280 iuxta
1034 1247 1213 1290 presentia
1235 1248 1405 1292 turbaque
1427 1249 1555 1287 muita;

719 1304 773 1336 Ex
795 1313 849 1335 me
874 1302 981 1344 fitque
1004 1311 1096 1333 nova
1119 1302 1200 1333 dum
1224 1300 1316 1334 fiunt
1339 1302 1422 1334 talia
1445 1303 1570 1336 Roma.

717 1356 812 1390 Urbs
834 1357 948 1388 honor
971 1364 1056 1387 ecce
1080 1361 1168 1392 tuus,
1192 1365 1328 1388 mecum
1352 1367 1413 1388 rex
1435 1367 1527 1399 papa
1550 1358 1651 1390 simul
1674 1364 1763 1398 sunt,

636 1419 672 1444 80
716 1410 770 1443 Ac
794 1409 873 1442 Itali
895 1418 1070 1451 proceres,
1094 1418 1161 1441 nec
1185 1419 1255 1441 non
1280 1409 1374 1442 Galli
1397 1420 1639 1455 proceresque,

721 1461 988 1500 Ultramontani‚
1012 1461 1175 1500 Romani,
1199 1462 1390 1504 pontificali

714 1516 867 1550 Stemate
891 1515 1077 1559 fulgente&
1100 1516 1228 1548 adsunt
1250 1516 1367 1559 plures
1389 1517 1575 1560 sapientes,

717 1572 814 1603 Inter
836 1579 922 1613 quos
945 1568 1054 1602 abbas
1075 1569 1180 1613 Hugo
1204 1569 1445 1603 Cluniacensis
1467 1570 1525 1603 hic
1549 1571 1662 1610 astat,'

138 1634 213 1657 Mun„
228 1633 268 1657 ³⁶6
720 1625 792 1664 Qui
815 1629 913 1667 pater
936 1623 973 1655 in
995 1623 1138 1656 lavacro
1160 1623 1254 1667 regis
1276 1624 1391 1656 fuerat
1413 1631 1646 1659 sacrosancto.

639 1686 672 1719 85
719 1678 822 1711 Pacis
845 1686 1022 1710 sermones
1043 1675 1240 1709 tractabant
1262 1676 1297 1708 hi
1321 1677 1497 1716 seniores3

410 1836 438 1853 v.
456 1826 501 1859 ⁶7)
523 1826 724 1852 consobrinam:
744 1826 864 1852 Matilde
883 1833 929 1851 era
948 1833 998 1851 sua
1017 1826 1120 1859 cugina
1134 1826 1165 1850 in
1180 1833 1219 1851 se·
1363 1836 1390 1852 v.
1411 1826 1454 1861 77)
1472 1828 1546 1853 iuxta
1554 1830 1703 1860 presentia,
1723 1830 1847 1854 secondo
1865 1831 2020 1863 esigevsno
2038 1829 2066 1855 le
2083 1830 2172 1855 citco·
2204 1844 2230 1866 ;;
2270 1849 2273 1864 ;

322 1869 416 1895 condo
434 1870 534 1903 grado,
553 1867 616 1894 cioe
637 1869 664 1894 la
684 1876 782 1894 nonna
800 1869 831 1893 di
850 1868 973 1893 Matilde
991 1876 1005 1892 e
1023 1868 1052 1893 la
1072 1875 1171 1893 nonna
1189 1868 1218 1893 di
1274 1869 1371 1894 stanze
1390 1869 1435 1895 del
1455 1872 1611 1896 momento.
2210 1867 2212 1869 ¹
2271 1866 2272 1869 ¹

321 1912 428 1937 Enrico
447 1920 515 1938 eran
534 1913 646 1942 sorelle,
665 1912 743 1945 figlie
759 1912 788 1936 di
808 1911 954 1936 Ermanno
973 1912 1044 1936 duca
1057 1910 1089 1935 dl
1107 1910 1220 1936 Svevia.
1363 1920 1410 1937 vv.
1430 1911 1513 1945 78-81)
1531 1914 1575 1938 Ex
1599 1922 1647 1943 me,
1668 1912 1683 1938 ὲ
1703 1922 1811 1948 sempre
1830 1913 1959 1939 canossa
1983 1914 2035 1940 che
2058 1914 2139 1948 paria
2157 1922 2173 1940 e
2271 1919 2272 1922 ’

409 1963 456 1980 vv.
473 1953 564 1988 67-70)
582 1955 688 1979 Enrico
711 1954 794 1979 invio
820 1955 903 1978 messi
924 1953 952 1978 al
971 1960 1045 1987 papa
1065 1953 1126 1984 che,
1145 1953 1222 1979 nella
1275 1954 1390 1979 ricorda
1407 1955 1454 1979 chi
1474 1955 1531 1980 l’ha
1550 1958 1679 1981 onorata.
1716 1956 1780 1981 Una
1800 1956 1868 1982 ilsta
1894 1957 1940 1981 dei
1957 1957 2083 1990 presenti
2101 1954 2117 1982 ἕ
2142 1958 2172 1982 in
2219 1976 2222 1981 .

279 2007 293 2033 5
321 1997 423 2022 lettera
442 1999 468 2022 ai
489 1997 618 2031 principi
637 1997 763 2022 tedesehi
783 1998 813 2020 in
833 1997 879 2021 cui
901 1997 1045 2020 annuncia
1064 1996 1093 2020 la
1112 2003 1161 2021 sua
1175 2003 1221 2021 ve·
1276 1996 1353 2022 calce
1372 1997 1430 2022 alla
1448 1997 1664 2023 dichiarazione
1683 1998 1712 2023 di
1739 1998 1844 2024 Enrico
1869 1997 1997 2032 (Con-ta
2019 1998 2041 2027 1,
2062 1997 2132 2033 113),
2154 2006 2172 2025 e
2215 1999 2226 2026 Ξ

322 2042 399 2070 nuta,
411 2040 487 2066 dice:
509 2040 522 2054 “
535 2038 620 2068 Quod
632 2042 660 2065 et
680 2041 803 2072 quantas
823 2039 1058 2070 colluctationes,
1071 2046 1134 2063 cum
1148 2046 1220 2063 nun·
1276 2037 1340 2064 eice
1364 2040 1373 2063 i
1399 2040 1542 2064 cardinali
1570 2040 1706 2065 Umberto
1735 2041 1763 2065 di
1790 2040 1961 2070 Palestrina,
1994 2040 2118 2066 Gitald'o
2141 2041 2173 2066 di
2232 2050 2234 2054 ·
2268 2052 2269 2055 ¹

323 2081 398 2107 “ciis
411 2083 487 2115 regis
499 2082 682 2107 habuerimus
694 2083 723 2106 et
736 2081 839 2114 quibus
850 2081 1012 2106 rationibus
1023 2081 1110 2105 dictis
1123 2088 1221 2105 eorum
1276 2079 1368 2110 Ostia,
1388 2081 1485 2106 Pietro
1505 2083 1534 2106 di
1554 2082 1581 2107 S.
1596 2082 1770 2115 Grisogono,
1786 2082 1906 2107 Conone
1919 2083 1948 2107 di
1962 2082 1990 2109 S.
2003 2082 2174 2114 Ana-tasin
2212 2077 2230 2106 ’ἦ

323 2124 337 2138 ”
348 2124 571 2154 obviaverimus,
600 2123 740 2157 quidquid
769 2124 815 2148 his
844 2123 950 2148 litteris
978 2123 1072 2147 deesse
1098 2123 1220 2152 videtur,
1277 2124 1384 2148 inoltre
1404 2124 1612 2149 l’arcivescovo
1632 2126 1662 2149 di
1681 2125 1788 2157 Brema,
1811 2127 1819 2150 i
1840 2127 1953 2150 vescovi
1975 2126 2005 2150 di
2024 2125 2174 2150 Ver-came

323 2167 337 2180 “
348 2167 453 2192 latores
472 2174 567 2192 earum
587 2167 702 2200 plenius
722 2166 894 2208 indicabunt
904 2183 918 2197 η
938 2164 1040 2198 ῙΑΡΒὲ,
1064 2166 1139 2191 Bibl.
1164 2174 1220 2190 rer.
1275 2165 1443 2191 Osnabriick
1456 2175 1470 2192 e
1483 2167 1587 2192 l’abate
1601 2168 1628 2191 di
1644 2166 1747 2200 Cluny.
1767 2167 1795 2192 Si
1811 2176 1841 2193 sa
1854 2168 1964 2193 inoltre
1976 2168 2028 2192 che
2041 2168 2071 2193 vi
2083 2174 2172 2193 erano
2223 2189 2227 2193 .
2274 2164 2275 2168 ’

263 2220 296 2237 10
327 2210 425 2240 Germ„
443 2209 477 2241 11,
498 2210 649 2240 Epistulae,
669 2216 696 2242 p.
716 2215 777 2242 54²·
813 2209 835 2233 E
861 2208 1009 2240 probabile
1035 2208 1085 2232 che
1104 2208 1127 2232 il
1146 2215 1176 2232 re
1195 2209 1218 2232 si
1276 2210 1283 2232 i
1306 2210 1419 2233 vescovi
1441 2209 1470 2234 di
1490 2209 1668 2242 Strasburgo,
1691 2209 1834 2240 Losanna,
1859 2210 1980 2240 Basilea.
2004 2209 2113 2244 Napoli
2137 2210 2172 2235 ed
2275 2235 2276 2238 ,

320 2252 478 2284 rivolgesse
497 2252 585 2276 anche
604 2260 619 2276 a
639 2251 767 2282 Matilde,
789 2259 832 2275 ma
859 2258 917 2275 non
943 2258 993 2283 per
1017 2249 1146 2275 chiedere
1171 2250 1220 2274 che
1275 2251 1414 2283 Augusta.
1451 2252 1474 2276 Il
1495 2251 1568 2276 Mur.
1589 2253 1703 2278 ricorda
1717 2253 1743 2277 la
1757 2253 1903 2278 Marchesa
1918 2253 2058 2278 Adelaido
2070 2252 2100 2277 di
2113 2251 2171 2277 To·
2274 2252 2277 2274 ’ἶ

322 2294 342 2318 il
361 2301 436 2328 papa
454 2295 567 2319 venisse
588 2295 617 2318 in
637 2292 818 2318 Lombardia.
859 2291 976 2321 Quanto
997 2292 1053 2317 alle
1078 2299 1220 2325 promesse
1275 2294 1340 2317 rino
1359 2301 1475 2318 suocera
1494 2294 1539 2318 del
1559 2302 1588 2319 re
1607 2295 1653 2319 col
1673 2294 1753 2327 figlio
1773 2295 1909 2324 Amedeo,
1928 2303 1943 2319 e
1961 2294 2043 2319 Ano
2066 2293 2171 2320 d’Este.
2223 2290 2228 2312 ἶ·
2275 2317 2277 2323 ,

321 2338 349 2362 di
369 2337 543 2362 obbedienza
556 2336 601 2361 del
622 2345 659 2366 re,
671 2337 802 2361 esistono
816 2336 870 2360 due
884 2336 983 2360 lettere
996 2335 1148 2367 pubbliche
1161 2335 1219 2359 del·
1363 2345 1388 2360 v.
1409 2335 1455 2368 84)
1474 2336 1538 2368 Ugo
1559 2344 1627 2361 avea
1646 2338 1748 2361 tenuto
1768 2337 1794 2361 al
1814 2344 1895 2362 sacro
1910 2338 1989 2362 fonte
2002 2337 2024 2361 n
2035 2336 2172 2362 bambino
2224 2331 2225 2334 ¹
2275 2334 2277 2371 j

321 2378 456 2403 l'ottobre
479 2377 547 2409 1076
569 2377 623 2410 (M.
649 2379 679 2403 G.
701 2379 745 2409 H„
767 2378 867 2410 Leges,
885 2377 934 2407 IV,
956 2377 1052 2406 Const„
1072 2377 1091 2406 Ι,
1114 2376 1183 2409 114).
1274 2385 1322 2411 per
1342 2377 1463 2402 volunta
1477 2378 1521 2402 del
1538 2379 1624 2411 padre
1636 2379 1662 2410 (a
1677 2378 1803 2403 Colonia
1819 2379 1895 2403 nella
1908 2379 2019 2412 Pasqua
2031 2378 2077 2404 del
2093 2378 2172 2411 1051)
2235 2405 2237 2407 ,
2276 2404 2277 2408 ,

263 2428 293 2454 15
409 2430 456 2447 vv.
477 2421 567 2454 71-75)
586 2412 609 2446 1³3
622 2423 720 2453 questa
734 2429 791 2446 una
805 2420 879 2445 delle
892 2419 943 2454 pii:
955 2422 1037 2453 gravi
1053 2422 1219 2445 inesattezze
1274 2427 1355 2445 come
1387 2421 1499 2445 ricorda
1530 2420 1673 2445 Ildeherto
1705 2421 1920 2446 Cenomanense
1950 2420 2027 2446 nella
2054 2422 2116 2446 vita
2140 2421 2172 2446 di
2276 2435 2278 2456 χ

321 2463 349 2488 di
370 2463 531 2494 Donizone,
550 2464 608 2493 che,
627 2463 747 2488 essendo
766 2465 840 2488 assai
860 2463 985 2496 giovane
998 2463 1112 2495 quando
1125 2463 1216 2495 questi
1273 2462 1299 2486 S.
1320 2461 1391 2495 Ugo.
1428 2463 1508 2488 Mun.
1546 2463 1581 2488 Εἰ
1602 2463 1710 2488 rimane
1730 2465 1755 2488 la
1770 2464 1872 2488 lettera
1885 2471 1939 2488 con
1953 2464 2000 2488 cui
2012 2462 2172 2489 Enrieom
2225 2462 2234 2479 ’ἵ
2276 2463 2278 2474 ”

323 2507 387 2531 fatti
408 2507 432 2531 si
451 2507 589 2536 svolsero,
610 2514 676 2540 pare
695 2507 844 2539 ignorasse
863 2506 914 2530 che
933 2505 1077 2539 Gregorio
1094 2513 1142 2531 era
1154 2513 1218 2538 par·
1274 2504 1375 2529 insiste
1394 2512 1443 2537 per
1462 2505 1489 2529 la
1509 2508 1615 2530 venuta
1635 2506 1666 2531 di
1685 2506 1758 2537 Ugo,
1783 2506 1816 2530 ed
1845 2505 1859 2530 ὲ
1885 2505 2021 2531 notevole
2044 2506 2171 2532 testimo—
2228 2505 2234 2523 f

320 2550 376 2574 tito
397 2549 433 2574 da
451 2549 542 2574 Roma
561 2556 610 2582 per
630 2550 734 2575 andare
754 2549 784 2573 in
805 2548 969 2580 Germania,
989 2549 1054 2573 anzi
1078 2548 1153 2574 nella
1166 2549 1218 2573 let·
1274 2547 1378 2572 ninnza
1391 2547 1435 2572 dei
1451 2549 1581 2580 rapporti
1597 2548 1837 2580 dell’imperatore
1851 2556 1905 2572 con
1918 2547 2047 2573 1’abatee
2060 2547 2089 2573 Ιι
2098 2545 2172 2574 Con·
2231 2567 2238 2586 -ι

320 2594 379 2616 tera
398 2592 573 2625 sopracitata
593 2592 781 2617 comunicava
800 2591 850 2616 che
871 2590 885 2604 ‘⁴'
896 2597 927 2615 v1
947 2591 1013 2616 idus
1031 2590 1157 2615 Ianuarii
1173 2598 1217 2615 ve·
1272 2590 1443 2622 gregazione
1461 2590 1489 2614 di
1511 2590 1605 2622 Cluny
1627 2590 1811 2621 (D’Acumw,
1831 2591 2023 2623 spicilegium:
2036 2589 2084 2622 111,
2097 2588 2170 2624 443).

259 2642 293 2659 20
323 2633 432 2658 “limus
450 2633 585 2659 Mantuae
604 2641 686 2665 esse„
709 2643 731 2663 e,
752 2633 828 2658 nella
848 2634 948 2658 lettera
973 2633 1002 2658 ai
1028 2633 1156 2666 principi
1179 2635 1217 2657 te·
1362 2641 1407 2657 vv.
1426 2632 1541 2665 85-105)
1562 2632 1662 2661 Questi
1686 2634 1767 2662 versi,
1783 2633 1813 2657 in
1827 2635 1907 2666 parte
1921 2633 2003 2657 citati
2017 2632 2065 2658 dal
2083 2632 2171 2659 Baro-
2214 2631 2230 2664 ’,ζ
2266 2650 2269 2672 3

320 2676 414 2701 deschi
435 2677 531 2701 subito
552 2677 627 2709 dopo
646 2676 803 2701 l’incontro
817 2675 846 2700 di
867 2675 1005 2706 Canossa,
1026 2676 1175 2701 affermava
1189 2676 1218 2700 dl
1273 2676 1330 2706 nio,
1352 2682 1423 2699 sono
1445 2677 1511 2700 stati
1532 2677 1605 2700 assai
1627 2676 1759 2705 discussi,
1780 2675 1955 2707 involgendo
1974 2675 2003 2700 la
2021 2674 2170 2707 questione
2221 2683 2235 2695 .÷
2267 2674 2280 2704 ΞΕ

320 2725 386 2742 aver
411 2719 503 2742 atteso
523 2726 572 2750 per
598 2719 676 2743 venti
697 2719 796 2751 giorni
815 2718 845 2742 in
872 2717 1046 2742 Lombardia
1070 2718 1098 2743 la
1123 2719 1218 2743 scorta
1273 2725 1300 2742 se
1319 2717 1426 2742 Enrico
1448 2717 1537 2743 inizio
1556 2719 1585 2743 di
1605 2726 1654 2743 sua
1675 2715 1797 2742 volunta
1816 2717 1844 2742 la
1869 2718 2026 2751 penitenzs,
2050 2724 2100 2750 per
2125 2717 2171 2743 in-
2228 2735 2229 2738 «
2266 2731 2267 2735 =

320 2767 463 2792 promessa
488 2768 537 2793 per
563 2767 676 2792 passare
701 2761 732 2785 in
758 2760 922 2785 Germania.
963 2759 1092 2785 Canossa
1118 2760 1148 2785 fu
1168 2767 1218 2794 per
1272 2759 1352 2784 fluire
1371 2760 1414 2784 sul
1435 2767 1517 2792 papa,
1539 2768 1555 2783 o
1576 2768 1604 2784 se
1626 2761 1724 2785 invece
1745 2761 1772 2785 la
1792 2760 1850 2785 fece
1863 2760 1940 2792 dopo
1954 2767 2020 2784 aver
2034 2761 2122 2784 avuto
2135 2758 2170 2787 dn
2217 2754 2219 2757 ’

320 2801 461 2834 Gregorio
474 2809 511 2826 un
527 2803 636 2835 rifugio
656 2803 683 2826 di
707 2803 802 2827 fronte
815 2802 842 2827 al
862 2802 991 2834 pericolo
1011 2802 1088 2827 della
1108 2803 1218 2827 discesa
1272 2801 1412 2833 Gregorio
1433 2809 1489 2826 una
1509 2809 1652 2834 promessa
1673 2802 1702 2826 di
1722 2802 1858 2834 perdono.
1896 2801 2048 2826 Donizone
2059 2801 2171 2827 chiara—
2229 2835 2232 2836 ⁷

259 2849 290 2875 25
319 2843 347 2867 di
361 2843 475 2874 Enrico,
495 2845 544 2868 che
564 2845 698 2869 chiedeva
719 2845 856 2877 perdono,
877 2853 919 2869 ma
939 2846 1061 2869 trovava
1082 2846 1111 2869 in
1132 2845 1217 2870 Italia
1271 2846 1365 2869 mente
1385 2846 1427 2869 sta
1446 2852 1496 2878 per
1514 2845 1542 2869 la
1562 2845 1685 2869 seconda
1712 2846 1963 2877 interpretaione,
1986 2842 2088 2877 perche
2105 2843 2171 2869 dice
2219 2853 2233 2883 ζ

719 1196 828 1239 Regis
851 1194 1005 1227 Heinrici
1030 1194 1170 1227 domina
1194 1195 1381 1228 comitante
1405 1195 1580 1235 Mathildi,

320 2886 402 2910 molti
422 2886 472 2910 che
491 2886 520 2910 lo
540 2888 706 2911 eceitavano
730 2887 787 2912 alla
808 2887 947 2912 violenza.
985 2887 1140 2912 Donizone
1158 2888 1182 2911 si
1202 2886 1217 2912 ὲ

321 2928 448 2952 limitato
461 2935 477 2952 a
490 2929 612 2953 rilevare
632 2929 652 2953 il
675 2930 749 2954 fatto
764 2930 896 2961 glorioso
910 2937 959 2964 per
978 2929 1115 2959 Canossa,
1135 2937 1217 2954 senza

319 2970 463 2994 chiarirne
483 2970 508 2994 le
530 2971 647 3004 origini.

409 3021 434 3036 v.
456 3012 496 3043 73)
522 3013 620 3044 Opilio,
641 3014 660 3037 il
682 3015 802 3046 pastore.

1272 2887 1330 2920 (vv.
1352 2887 1445 2920 104-5)
1464 2888 1515 2912 che
1535 2888 1556 2912 il
1577 2895 1605 2911 re
1626 2887 1685 2912 fece
1705 2887 1750 2912 cib
1771 2888 1820 2912 che
1836 2886 1913 2912 volle
1926 2885 2078 2919 Gregorio,
2096 2895 2111 2912 e
2124 2893 2170 2912 ιιι·
2223 2890 2231 2918 -ζ
2278 2876 2282 2927 Ξ

1270 2930 1333 2954 bito
1360 2937 1490 2961 accenna,
1519 2931 1560 2954 sia
1587 2937 1655 2962 pure
1682 2931 1710 2953 in
1739 2930 1829 2954 forma
1855 2929 1994 2960 sibillina,
2016 2929 2042 2954 al
2068 2928 2169 2954 froddo
2220 2929 2234 2934 ’
2280 2962 2281 2965 ¹

1272 2972 1448 2996 eccezionale
1462 2972 1491 2996 di
1505 2972 1568 3003 quel
1583 2973 1717 3004 genunio,
1754 2970 1807 2996 Ρίἰι
1823 2973 1899 2996 sotto
1915 2972 1978 2996 dice
1991 2970 2030 3004 (v.
2046 2969 2171 3004 1o9)che
2216 2970 2231 3005 ,¹

1271 3016 1293 3039 si
1310 3012 1443 3046 presento
1457 3014 1483 3038 al
1498 3021 1570 3047 papa
1585 3014 1598 3028 ‘⁴
1608 3021 1670 3038 cum
1684 3013 1792 3046 plantis
1806 3013 1891 3038 nudis
1904 3021 1920 3038 a
1935 3013 2040 3046 frigore
2054 3014 2167 3047 captis,
2216 3005 2236 3026 ¹3
