2288 3476
410 197 454 232 18
1100 193 1227 229 VITA
1255 193 1550 229 MATHILDIS

409 268 2248 279 ...................................................................................................................................................................................................

799 316 1009 349 Theutonici
1032 316 1140 348 fortes
1162 321 1381 358 sumpserunt
1403 326 1498 348 arma
1521 315 1578 348 vel
1599 325 1735 353 omnes;

794 369 896 402 Ibant
918 368 1090 411 privatim,
1115 374 1280 411 quantum
1303 373 1465 410 poterant
1487 367 1681 412 glomerati.

702 438 755 463 ³50
800 422 917 456 Sensit
939 431 1065 465 eosque
1087 422 1241 464 phalanx
1263 420 1398 454 Alberti
1421 431 1542 464 sparsa
1564 431 1628 464 per
1650 421 1783 464 ampla;

802 476 922 509 Plures
946 480 1139 512 currerunt,
1163 481 1198 507 et
1220 474 1288 507 hoc
1312 475 1388 517 regi
1411 474 1614 508 retulerunt.

799 529 859 563 Ad
880 530 1083 562 matutinum
1106 539 1169 560 rex
1191 527 1260 560 iam
1283 534 1482 561 surrexerat
1504 538 1663 572 ymnum:

798 583 857 616 Nil
880 582 1096 625 stupefactus
1118 581 1178 614 ait:
1211 582 1226 598 ²
1239 581 1329 615 Volo
1353 586 1438 624 quot
1460 587 1540 614 sunt
1562 587 1599 614 ut
1621 581 1782 621 videatis,

805 639 818 655 ‘⁴
831 637 977 669 Nostros
999 640 1105 678 atque
1128 640 1231 668 vocet
1254 634 1337 668 tuba
1359 645 1525 679 spargens
1547 635 1703 679 undique
1727 645 1865 669 vocem:

705 705 736 730 35
742 705 755 730 5
808 692 822 708 “
835 690 972 722 Interea
997 694 1114 721 cantet
1137 687 1215 721 volo
1239 688 1378 721 missam
1400 688 1573 731 presbiter
1595 694 1676 722 ante
1689 713 1720 730 „.

800 741 959 775 Officium
982 752 1118 775 sacrum
1142 742 1224 775 dum
1246 741 1418 784 psallitur,
1442 742 1478 774 hi
1500 748 1700 775 remearunt

806 795 906 828 “Iam
930 805 1043 838 prope
1057 820 1072 836 „
1102 795 1270 833 dicentes,
1299 796 1415 834 “sunt,
1439 795 1534 828 mille
1558 795 1722 829 videntur
1745 801 1780 828 et
1803 806 1877 829 esse
1893 821 1924 837 „.

799 851 879 883 Rex
900 849 958 883 vix
981 856 1132 882 armatus
1156 860 1234 882 cum
1257 850 1377 892 paucis
1400 854 1435 882 et
1457 850 1626 893 galeatus,

800 903 896 937 Exiit
918 903 965 936 ad
987 902 1126 945 bellum,
1149 903 1300 936 Litulfus
1325 913 1386 935 rex
1409 903 1475 936 sibi
1498 903 1645 936 ferrum'

230 972 249 986 c.
265 967 312 986 ιε,
704 966 758 998 360
802 957 956 1000 Porrigit
979 956 1155 1000 extimplo,
1179 967 1239 990 rex
1261 957 1516 1000 Longobardus
1538 957 1574 990 in
1595 958 1709 1001 ipsum

801 1011 1001 1044 Extendens
1022 1011 1165 1049 hastam,
1189 1010 1369 1043 thoracam
1393 1011 1619 1054 membraque
1643 1012 1809 1054 dampnat

798 1065 932 1102 Lstulfi,
954 1065 1060 1097 vitam
1084 1064 1143 1107 qui
1166 1064 1281 1097 statim
1304 1064 1460 1106 perdidit
1483 1065 1604 1107 ipsam.

800 1119 896 1152 Gens
916 1117 1112 1150 Alemanna
1134 1117 1267 1155 dolens,
1290 1117 1429 1151 tremuit
1451 1118 1631 1162 nimioque
1654 1119 1795 1152 timore:

797 1171 881 1205 Atto
904 1172 998 1204 levat
1020 1180 1145 1204 vocem
1169 1171 1343 1203 confortat
1367 1171 1689 1216 Theutonicosque:

701 1232 751 1266 3⁶5
798 1225 858 1258 Ad
880 1225 979 1257 cuius
1001 1234 1123 1257 vocem
1146 1230 1255 1257 totum
1277 1234 1440 1266 sprevere
1463 1225 1630 1258 timorem.

799 1279 922 1311 Partes
944 1283 1027 1310 tunc
1053 1277 1173 1310 ambae
1196 1288 1304 1322 grave
1328 1278 1514 1320 dampnum
1537 1279 1746 1317 sustinuere3

799 1331 968 1371 Quamvis
991 1341 1069 1363 cum
1093 1331 1255 1373 dampno,
1279 1341 1438 1374 campum
1463 1333 1572 1365 tenuit
1595 1337 1710 1366 tamen
1734 1334 1831 1367 Atto.

801 1386 880 1419 Rex
902 1385 1024 1428 procul
1048 1384 1215 1418 Albertus
1237 1384 1366 1418 studuit
1390 1386 1584 1424 discedere,
1609 1393 1734 1426 certus,

801 1438 907 1478 Quod
930 1448 1000 1471 non
1023 1438 1060 1470 in
1083 1448 1228 1481 regnum
1251 1438 1485 1481 requiesceret
1507 1439 1672 1482 amplius;
1698 1440 1778 1473 exul

702 1507 756 1534 37⁰
799 1493 833 1526 A
855 1502 965 1536 regno
987 1492 1111 1531 factus,
1135 1491 1357 1534 pertransivit
1380 1503 1475 1525 mare
1499 1503 1675 1537 magnum,

799 1547 961 1580 Partibus
983 1547 1020 1578 in
1043 1546 1169 1579 nostris
1192 1556 1262 1578 non
1284 1546 1375 1579 ultra
1398 1546 1492 1579 venit
1514 1546 1571 1579 hic
1595 1547 1713 1581 hostis.

799 1601 836 1634 Si
860 1600 1037 1633 dilexisset
1058 1610 1125 1638 me,
1149 1599 1200 1632 sic
1223 1600 1313 1632 male
1336 1609 1407 1632 non
1430 1600 1513 1632 hinc
1536 1600 1677 1640 abisset,

799 1655 853 1687 Ex
875 1654 1017 1698 propria
1039 1660 1142 1697 gente
1165 1663 1235 1687 non
1258 1653 1402 1687 ulterius
1425 1653 1490 1687 sibi
1513 1664 1630 1698 regem

799 1707 1035 1752 Longobarda
1058 1707 1144 1750 petit
1167 1717 1251 1750 gens
1275 1707 1453 1740 constituit
1476 1718 1589 1752 neque
1612 1709 1759 1751 quaerit.

700 1776 751 1803 375
797 1762 900 1795 Tunc
924 1762 1027 1794 etiam
1050 1760 1178 1793 mensis
1201 1761 1339 1793 Medius
1363 1761 1511 1794 florebat
1533 1762 1569 1793 in
1593 1762 1721 1802 herbis,

802 1814 896 1848 Anni
918 1814 1096 1859 nongenti,
1120 1814 1290 1857 quindeni
1311 1821 1395 1847 tunc
1419 1825 1557 1859 quoque
1582 1815 1692 1849 verbi.

802 1868 887 1902 Atto
911 1869 1064 1902 cadaver
1086 1868 1218 1901 habens
1240 1867 1375 1907 Litulfi‚
1399 1868 1533 1901 viscera
1555 1869 1659 1912 plane

800 1923 895 1956 Illius
918 1923 1068 1956 extraxit
1092 1923 1136 1955 de
1159 1932 1323 1964 corpore;
1348 1933 1450 1965 quem
1473 1933 1535 1956 sua
1557 1923 1704 1966 planxit'

235 1982 324 2002 c-18v
803 1977 899 2010 Gens
923 1987 965 2009 ea
986 1983 1070 2009 tunc
1093 1976 1222 2009 tumulo
1245 1976 1361 2019 posuit
1384 1977 1603 2022 condigniter
1625 1988 1706 2012 uno.

701 2038 754 2071 380
799 2030 933 2064 Dicitur
957 2030 1107 2063 ecclesia
1129 2029 1281 2072 Prosper
1303 2030 1537 2063 sanctissimus
1560 2031 1619 2064 illa

803 2084 843 2117 In
866 2095 934 2127 qua
957 2084 1166 2122 conduntur,
1189 2093 1256 2116 nec
1280 2094 1351 2117 non
1375 2084 1470 2117 locus
1493 2084 1740 2120 Antonianum.

800 2137 936 2180 Corpus
959 2137 1168 2170 aromatibus
1192 2137 1374 2170 eonditum
1396 2138 1528 2181 quippe
1551 2139 1700 2179 deintus,

800 2190 895 2224 Patri
919 2191 1121 2224 confortans
1142 2191 1254 2234 ipsum
1278 2191 1414 2230 direxit,
1439 2197 1474 2225 et
1496 2192 1655 2225 hortans:

808 2246 823 2262 ‘⁶
836 2244 890 2277 Ne
913 2244 1054 2276 nimium
1076 2244 1232 2288 plangas,
1255 2244 1385 2287 poteris
1409 2245 1490 2288 quia
1512 2246 1654 2278 vincere
1677 2256 1821 2290 magna:

703 2305 754 2338 ³8⁵
804 2298 819 2314 ⁴⁶
835 2297 873 2331 Si
894 2298 1032 2331 veneris
1055 2297 1179 2336 statim,
1201 2297 1454 2341 Longobasdos
1477 2299 1669 2342 superabis,

808 2351 975 2385 “Illorum
999 2351 1090 2395 fugit
1113 2351 1274 2394 quoniam
1297 2361 1373 2390 rex;
1398 2352 1427 2384 si
1451 2353 1556 2385 modo
1579 2353 1699 2392 curris,

805 2405 820 2421 “
833 2403 1143 2448 Longobardorum
1166 2414 1314 2448 regnum
1337 2404 1574 2439 dominaberis
1596 2406 1719 2439 horum
1734 2431 1764 2447 „.

495 2571 521 2587 v.
536 2570 591 2595 349
608 2571 622 2587 e
640 2563 717 2595 sgg.)
738 2563 762 2587 Il
782 2565 917 2588 racconto
943 2570 1000 2588 non
1026 2565 1129 2589 merita
1157 2564 1187 2589 di
1211 2571 1301 2589 essere
1353 2569 1405 2597 957
1426 2571 1505 2589 come
1524 2565 1548 2589 si
1568 2563 1583 2589 ὲ
1601 2565 1691 2590 detto.
2240 2589 2241 2593 ,

407 2604 564 2630 analimto
583 2605 799 2630 storicamente:
818 2606 918 2630 invece
931 2603 945 2630 ὲ
958 2613 997 2630 un
1012 2605 1058 2638 po’
1072 2608 1169 2631 strena
1182 2606 1211 2630 la
1224 2603 1301 2638 piet&
1442 2615 1470 2631 v.
1491 2605 1549 2639 381)
1568 2607 1591 2631 11
1611 2607 1685 2633 Mur.
1712 2610 1782 2633 nota
1805 2608 1855 2633 che
1881 2609 2076 2640 nell’Epa'tome
2100 2608 2201 2642 Rege?
2214 2624 2216 2627 ν
2239 2639 2242 2642 ”
2271 2614 2273 2618 ⁴

407 2646 457 2671 che
480 2647 516 2672 D,
539 2647 708 2672 attribuisce
733 2647 769 2672 ad
797 2648 927 2673 Alberto.
964 2648 1053 2673 Tutta
1081 2649 1109 2673 la
1134 2650 1301 2673 narrazione
1355 2647 1427 2679 (cioe
1440 2649 1535 2681 quella
1549 2649 1593 2674 del
1607 2649 1730 2682 Milioll)
1743 2648 1758 2675 ὲ
1772 2650 1852 2676 detto
1866 2651 1916 2675 che
1935 2651 1957 2675 il
1977 2652 2060 2684 prato
2072 2650 2244 2677 Antoni-‚n
2269 2642 2277 2689 ‘3

406 2689 486 2720 mira,
507 2696 585 2713 come
598 2696 705 2722 sempr-e
719 2690 749 2713 in
763 2689 806 2718 D„
820 2697 837 2714 a
848 2691 1033 2715 concentrare
1046 2689 1169 2715 l'azlone
1184 2692 1300 2716 attorno
1354 2691 1426 2715 dove
1446 2691 1562 2716 sarebbe
1579 2693 1723 2717 avvenuta
1743 2692 1771 2717 la
1789 2692 1939 2725 battagna,
1952 2691 1968 2718 ὲ
1984 2699 2081 2726 presto
2094 2691 2204 2726 Carpin
2229 2707 2233 2710 ·
2275 2690 2277 2700 ⁴

366 2736 379 2761 5
408 2730 434 2754 al
455 2738 505 2755 suo
524 2738 602 2755 eroe:
622 2731 712 2756 anche
731 2731 780 2763 qui
798 2731 877 2756 Azzo
896 2732 933 2757 ha
954 2732 1028 2757 fatto
1047 2733 1135 2758 tutto.
1355 2740 1371 2757 a
1389 2733 1482 2757 Zlano
1501 2732 1629 2766 (clano).
1666 2733 1713 2759 Ma
1732 2732 1747 2759 ὲ
1766 2734 1873 2759 dubbio
1892 2742 1920 2759 se
1945 2734 1972 2759 cl
1990 2735 2035 2759 sla
2052 2736 2130 2760 :tnta
2147 2735 2205 2760 mel
2236 2729 2246 2740 ”
2267 2752 2277 2773 4

496 2781 523 2798 v.
537 2775 600 2805 373)
618 2773 642 2797 Il
663 2773 803 2798 Muratori
825 2780 940 2799 ossei-va
958 2774 1009 2799 che
1026 2774 1199 2807 Berengario
1217 2783 1232 2800 e
1251 2774 1301 2799 Al·
1353 2775 1504 2808 battagua,
1523 2783 1538 2800 e
1557 2778 1667 2808 quanto
1688 2776 1746 2801 alla
1758 2776 1905 2809 sepoltura
1924 2776 1970 2801 dei
1989 2777 2103 2807 visceri.
2120 2778 2182 2802 elsa
2194 2784 2223 2810 p
2275 2779 2277 2810 ζ

408 2814 488 2839 berto
507 2822 564 2839 non
583 2822 671 2840 erano
691 2815 721 2840 dl
740 2817 860 2841 nazione
878 2816 1072 2849 longobarda3
1093 2824 1136 2842 ma
1156 2817 1191 2842 D.
1203 2824 1301 2842 accen·
1355 2824 1445 2842 essere
1464 2819 1607 2842 avvenuta
1627 2819 1656 2842 in
1675 2818 1770 2850 Italia,
1791 2818 1913 2843 secondo
1932 2818 2019 2848 l'uso;
2033 2826 2080 2844 ma
2092 2825 2152 2844 non
2171 2819 2233 2844 bu
2270 2826 2274 2839 ⁵

409 2863 482 2881 nava
501 2857 558 2881 alla
576 2856 630 2882 fine
649 2857 694 2882 del
714 2865 801 2891 regno
819 2858 1026 2890 indipendente
1050 2866 1065 2883 e
1091 2866 1147 2884 non
1173 2859 1231 2884 alla
1254 2866 1302 2884 na·
1355 2861 1455 2891 questo
1474 2861 1609 2884 racconto
1629 2860 1658 2884 di
1679 2861 1794 2893 origine
1813 2860 1959 2892 populare,
1978 2861 2029 2886 che
2041 2862 2115 2886 mira
2132 2860 2169 2886 nd
2188 2877 2193 2880 -
2237 2862 2242 2873 ’”

408 2896 548 2923 Ζὶοηαιίίεὸ.
567 2899 642 2924 della
662 2900 797 2925 dinastia.
1355 2903 1416 2926 tare
1434 2902 1555 2927 l’azione
1574 2902 1604 2927 di
1624 2903 1712 2934 Azzo,
1727 2911 1742 2927 a
1757 2903 1828 2927 sarci
1848 2904 1988 2927 accettare
2007 2904 2105 2935 questa
2123 2901 2240 2931 loculi

352 2945 384 2964 ιο
496 2949 522 2965 v.
538 2939 603 2973 376)
620 2939 727 2970 Questa
746 2942 812 2967 data
831 2942 852 2967 il
871 2941 992 2967 Leibniz
1004 2944 1196 2976 giustamente
1216 2945 1302 2969 inter·
1356 2944 1424 2969 dato
1444 2944 1495 2969 che
1513 2943 1642 2969 Ludolfo
1660 2942 1676 2969 ὲ
1695 2946 1789 2970 morto
1809 2944 1854 2969 nel
1875 2945 2027 2975 Novuese,
2046 2953 2062 2970 e
2074 2952 2134 2970 non
2148 2946 2177 2970 in
2198 2958 2203 2965 -
2239 2938 2241 2942 ’

410 2980 491 3012 prete
511 2989 557 3015 per
576 2983 775 3015 quinquie-edem·
791 2982 854 3009 eloe
871 2991 938 3016 950:
959 2992 1004 3010 ma
1023 2985 1150 3010 Ludolfo
1165 2984 1237 3010 morl
1258 2986 1303 3010 nel
1357 2986 1458 3019 taglia.
