2288 3476
179 886 199 903 ι’.
212 886 261 904 597

179 1900 200 1917 C.
213 1900 261 1919 50⁴1!

170 2269 244 2292 Mun„
260 2274 299 2294 370

347 219 400 259 ‘70
1042 219 1170 255 VITA
1199 219 1494 255 MATHILDIS

746 343 760 358 “
776 343 916 386 Quique
939 353 1035 375 reum
1062 341 1222 375 defendit
1244 352 1332 380 eum,
1362 347 1485 374 contra
1508 342 1686 375 rationem.

750 397 764 413 “
778 395 982 439 Gregorium
1006 405 1066 427 vas
1090 395 1267 438 egregium
1293 394 1502 439 quicumque
1525 395 1680 440 negavit,

749 450 763 465 “
778 450 850 481 Iam
875 448 994 481 videat
1016 448 1044 479 si
1067 449 1158 480 forte
1182 453 1286 490 queat
1310 458 1412 491 quam
1437 447 1528 480 falso
1552 448 1695 490 putavit.

648 516 698 542 405
750 504 764 519 ⁴⁴
780 500 921 544 Quique
944 501 1029 533 duas
1052 501 1160 545 fregit
1182 506 1313 533 statuas
1335 500 1509 539 Urbanus,
1533 500 1577 533 ab
1600 500 1661 534 illo

746 556 760 571 ‘⁶
776 555 887 587 Fonte
911 554 994 593 fluit,
1018 553 1189 597 longeque
1213 554 1306 592 eluit,
1330 563 1401 586 non
1423 554 1563 598 segnius
1583 554 1656 587 illo.

750 611 764 626 “
780 607 938 650 Quisque
964 618 1041 640 eum
1065 618 1135 639 non
1159 612 1238 639 ante
1262 607 1374 639 Deum
1396 607 1453 639 vel
1477 617 1554 640 sero
1578 608 1717 647 fatetur,

751 663 765 678 “
779 661 964 704 Reprobus
988 666 1040 694 est
1063 666 1097 693 et
1121 660 1242 693 devius
1266 667 1328 699 est,
1352 671 1569 704 poenamque
1592 667 1752 694 meretur.

752 716 766 732 “
780 714 842 746 His
865 714 1013 747 ducibus
1035 713 1258 753 mirabilibus,
1283 714 1446 747 collectio
1470 720 1588 747 nostra

646 783 699 808 410
751 770 764 785 ‘⁶
779 768 858 800 Non
883 768 1001 806 tacuit,
1025 769 1138 801 donec
1162 768 1272 801 tenuit
1295 768 1457 801 latrantia
1480 774 1600 801 rostra.

752 823 765 838 “
778 821 851 853 Iam
874 822 1023 854 redeunt
1046 832 1115 865 qua
1137 821 1252 854 fronte
1276 827 1406 864 queunt
1429 821 1487 864 qui
1510 820 1734 864 prosiliere3'

752 877 766 891 ‘⁴
781 874 878 912 Quos
901 875 1006 908 video
1030 880 1196 920 tangente
1220 874 1297 907 Deo
1319 874 1524 918 plerumque
1548 874 1678 908 dolere.

751 930 765 945 “
779 928 850 961 Sed
873 928 1022 962 redeant
1045 934 1080 961 et
1102 939 1165 962 nos
1188 927 1341 961 habeant
1365 934 1398 961 et
1421 934 1539 961 nostra
1563 928 1731 966 libenter-3

753 984 767 999 ¹‘
781 982 851 1015 Sed
875 982 1019 1015 videant
1042 987 1079 1014 ut
1102 993 1171 1015 non
1196 982 1341 1015 redeant
1362 988 1441 1024 post
1463 987 1564 1026 terga
1587 982 1746 1015 latenter.

649 1051 700 1076 415
753 1038 767 1053 ‘⁴
782 1036 887 1068 Nunc
909 1035 1016 1079 igitur
1039 1046 1109 1068 non
1135 1035 1285 1080 exigitur
1308 1035 1477 1078 quicquid
1499 1035 1642 1073 mederi,

751 1091 766 1107 ⁴⁴
780 1089 861 1128 Qua
883 1089 990 1122 valuit
1014 1089 1128 1122 donec
1151 1088 1263 1121 voluit
1287 1088 1416 1121 divisus
1438 1088 1572 1121 haberi.

748 1145 762 1160 ‘⁴
776 1143 828 1176 De
851 1143 971 1186 precio
995 1143 1039 1176 de
1063 1142 1199 1186 flagicio
1224 1143 1268 1176 de
1292 1142 1477 1182 seditione,

753 1198 767 1214 ⁴⁴
780 1197 826 1229 Et
849 1196 987 1239 sapiunt
1009 1201 1045 1228 et
1068 1205 1132 1228 nos
1154 1195 1251 1229 aiunt
1273 1195 1308 1228 in
1333 1196 1545 1239 cognitione.

752 1251 766 1267 ⁸
779 1250 869 1283 Nam
892 1249 1049 1292 precium
1071 1260 1152 1282 nam
1174 1248 1352 1292 flagicium
1375 1259 1445 1282 non
1470 1250 1667 1293 complacet
1690 1250 1758 1284 illis

646 1318 700 1344 420
751 1305 766 1321 “
780 1303 852 1342 Qui
877 1303 1022 1346 cupiunt
1045 1303 1104 1347 qui
1128 1302 1298 1345 diripiunt
1321 1303 1552 1345 dampnantur
1575 1303 1619 1336 ab
1642 1303 1720 1336 illis.

749 1357 763 1373 ‘⁴
777 1357 846 1390 Par
867 1357 965 1395 ratio,
988 1367 1053 1399 par
1074 1355 1227 1394 traditio,
1250 1366 1315 1398 pro
1338 1361 1436 1398 parte
1458 1356 1608 1396 videtur,

751 1412 766 1428 ‘⁴
779 1411 915 1443 Prestet
938 1410 971 1442 ei
995 1419 1142 1443 censura
1163 1409 1229 1442 Dei
1252 1408 1348 1453 quod
1371 1409 1492 1442 deesse
1515 1410 1663 1443 videtur.

753 1454 834 1496 “'De
857 1463 982 1497 baculo
1005 1462 1048 1495 lis
1070 1469 1123 1496 est
1145 1462 1275 1505 populo
1299 1473 1378 1495 cum
1401 1463 1558 1505 patribus
1581 1469 1678 1502 orta;

749 1517 763 1533 “
778 1517 848 1550 Ista
870 1516 939 1549 fuit
962 1527 1050 1560 quae
1074 1525 1144 1548 non
1168 1515 1280 1549 caruit
1302 1515 1452 1559 caligine
1475 1522 1592 1559 porta;

625 1597 628 1602 .
647 1584 698 1612 425
750 1571 764 1587 ‘⁶
779 1571 850 1603 Ista
873 1570 939 1603 fuit
962 1580 1051 1614 quae
1077 1570 1221 1612 diripuit
1243 1569 1460 1612 Paulumque
1484 1569 1717 1614 Petrumque3

750 1624 764 1640 “
778 1624 848 1656 Ista
870 1623 940 1656 fuit
961 1634 1050 1668 quae
1073 1634 1138 1667 par
1159 1622 1281 1656 habuit
1302 1633 1490 1666 regemque
1514 1623 1701 1667 Deumque.

753 1679 768 1695 “
781 1677 879 1710 Haec
903 1677 1051 1710 frenesis
1073 1687 1144 1710 non
1168 1682 1220 1710 est
1241 1675 1384 1715 heresis,
1406 1686 1476 1709 non
1499 1682 1552 1709 est
1575 1675 1815 1710 laberinthus?

751 1733 766 1749 ‘²
779 1730 850 1763 Per
870 1729 1043 1769 tenebras,
1069 1735 1103 1763 et
1125 1740 1190 1772 per
1212 1729 1363 1763 latebras
1385 1740 1455 1763 non
1480 1735 1530 1763 est
1553 1729 1653 1763 labor
1673 1730 1793 1763 intus?

752 1785 767 1802 “
780 1784 881 1817 Hanc
904 1783 1063 1817 volumus
1086 1783 1294 1827 quicumque
1318 1794 1435 1816 sumus
1457 1783 1502 1816 de
1527 1784 1689 1827 dogmate
1711 1783 1851 1823 Christi,

649 1853 702 1879 430
752 1840 767 1856 ‘⁴
780 1838 830 1871 Ut
852 1838 988 1882 fugiant
1011 1844 1047 1871 et
1069 1837 1231 1870 reiiciant
1255 1838 1484 1870 communiter
1506 1836 1585 1870 isti-¹

753 1891 883 1925 “Unde
906 1891 986 1924 volo
1010 1900 1055 1924 ne
1079 1891 1170 1924 forte
1193 1891 1276 1924 dolo
1299 1891 1622 1930 circumveniamur,

752 1946 767 1962 ‘⁴
780 1945 829 1978 Ut
850 1944 1005 1978 breviter
1027 1945 1090 1978 sed
1112 1955 1184 1978 non
1207 1944 1330 1978 leviter
1352 1945 1532 1987 pensanda
1554 1944 1748 1988 loquamur.

754 1998 768 2015 “
784 1998 924 2032 Christe
947 1999 1040 2041 sapis
1062 2008 1132 2042 quo
1156 1999 1264 2032 corda
1287 1998 1382 2041 rapis
1405 2008 1573 2031 succensa
1596 1999 1725 2037 calore,

754 2054 768 2069 ¹⁴
783 2053 854 2085 Fac
878 2052 954 2084 fieri
977 2062 1066 2095 quae
1089 2052 1156 2084 scis
1179 2052 1255 2084 fieri
1277 2062 1341 2094 pro
1364 2052 1463 2094 pacis
1485 2061 1602 2084 amore
1618 2076 1646 2094 „.

648 2120 699 2147 43⁵
747 2105 830 2138 Plus
852 2106 952 2138 laicis
975 2107 1114 2138 cunctis
1137 2105 1337 2139 Mathildim
1360 2105 1558 2149 Rangerius
1580 2106 1644 2138 scit

747 2159 919 2192 Intentam
943 2159 1012 2203 legi
1035 2159 1175 2191 Domini
1198 2159 1361 2203 vitaeque
1383 2159 1563 2202 perhenni,

747 2213 826 2245 Hoc
847 2212 914 2245 sibi
937 2213 1123 2255 perlucens
1146 2212 1192 2245 ob
1214 2213 1251 2246 id
1276 2213 1386 2246 edidit
1407 2214 1481 2256 ipse
1503 2212 1703 2251 volumen3'

749 2266 821 2299 Iam
845 2266 968 2299 redeat
991 2266 1133 2308 primus,
1156 2267 1219 2299 sed
1242 2266 1300 2299 hic
1323 2266 1389 2299 iste
1412 2266 1455 2299 sit
1478 2267 1565 2299 ordo
1588 2266 1738 2300 relictus.

439 2385 518 2418 1111.
541 2386 597 2419 De
620 2386 726 2419 tercio
748 2387 894 2419 adventu
916 2387 1016 2430 regis
1039 2386 1207 2419 Heinrica‘
1225 2388 1261 2419 in
1284 2387 1436 2429 Italiam,
1461 2391 1495 2418 et
1518 2388 1559 2419 de
1581 2387 1749 2420 obsidione
1773 2388 1982 2420 Mantuanae
2004 2388 2107 2422 urbia

838 2471 919 2504 Rex
941 2478 978 2504 ut
1001 2472 1186 2505 Heinricus
1208 2472 1324 2505 factus
1346 2472 1462 2515 gravis
1485 2478 1538 2505 est
1561 2472 1721 2506 inimicus

648 2540 702 2565 440
748 2525 952 2558 Aecclesiae
976 2531 1126 2563 sanctae,
1150 2525 1378 2567 dominaeque
1402 2525 1582 2558 Mathildis
1606 2526 1787 2566 amandae,

751 2579 790 2610 In
814 2588 1033 2622 quocumque
1055 2579 1135 2612 loco
1157 2584 1294 2621 poterat
1317 2578 1381 2610 sibi
1404 2578 1538 2618 tollere,
1563 2584 1636 2611 toto

750 2631 843 2664 Nixu
866 2631 1008 2665 tollebat
1031 2638 1139 2664 terras
1161 2631 1370 2675 ubicumque
1394 2632 1546 2670 tenebat,

440 2764 464 2781 ν.
484 2755 544 2790 437)
562 2757 598 2782 D.
617 2757 731 2782 ricorda
752 2758 905 2783 volentieri
926 2758 955 2783 la
975 2759 1074 2783 dedica
1094 2759 1122 2783 di
1138 2759 1247 2792 Range·

355 2799 398 2822 rio
418 2805 467 2830 per
485 2799 658 2831 giustificsre
677 2800 705 2824 la
724 2808 782 2832 sua,
802 2802 987 2833 quantunque
1007 2801 1116 2833 l'opera
1134 2801 1178 2826 del
1193 2801 1250 2835 pri-

355 2847 400 2864 mo
421 2847 479 2865 non
499 2841 582 2865 abbia
603 2843 739 2867 carattere
758 2841 934 2868 adulatorio.
970 2843 1004 2867 D.
1025 2843 1136 2868 chiama
1156 2845 1249 2875 perlu-

355 2889 413 2905 cens
432 2882 454 2906 il
475 2882 589 2907 volume
608 2883 637 2907 di
658 2884 811 2916 Rangerio,
830 2892 845 2909 e
863 2885 952 2909 lucens
972 2885 993 2909 il
1013 2893 1075 2915 suo,
1096 2885 1141 2910 nel
1168 2892 1249 2910 verso

356 2925 476 2955 apposto
496 2925 553 2949 alla
574 2925 666 2957 prlma
685 2927 841 2951 miniatum
861 2927 906 2951 del
926 2927 987 2952 cod.
1008 2927 1157 2952 Vaticano.

442 2975 468 2991 v.
487 2975 539 2998 441
560 2976 573 2991 e
591 2967 669 3000 sgg.)
694 2966 800 2996 Queste
825 2969 967 2994 confische
989 2969 1019 2994 di
1038 2970 1144 2995 Enrico
1163 2977 1250 2995 erano

355 3013 548 3040 conseguenza
568 3009 643 3034 della
663 3010 849 3043 deposizione
874 3012 1066 3044 pronunciata
1093 3013 1195 3037 contro
1220 3012 1250 3037 di

1304 2759 1340 2783 lei
1363 2767 1377 2783 a
1396 2758 1489 2784 Lucca
1510 2759 1555 2784 nel
1575 2759 1667 2792 luglio
1687 2759 1732 2784 del
1754 2759 1830 2789 1081,
1850 2767 1927 2784 come
1952 2766 1999 2784 rea
2024 2759 2053 2784 di
2080 2758 2202 2784 senonia
2254 2779 2256 2781 ,

1304 2808 1354 2834 per
1374 2808 1431 2826 non
1452 2809 1518 2826 aver
1543 2802 1656 2834 seguito
1681 2802 1703 2826 il
1728 2809 1757 2826 re
1783 2809 1799 2826 a
1823 2801 1923 2831 Roma,
1949 2800 2135 2831 Ovmuurm,
2158 2804 2201 2833 op.
2250 2831 2251 2834 Ἰ

1305 2844 1359 2874 cit„
1378 2850 1426 2876 pp.
1448 2851 1497 2876 149
1515 2851 1530 2868 e
1551 2850 1610 2877 ²32—
1648 2844 1688 2869 La
1708 2846 1838 2869 sentenza
1858 2844 1925 2869 ebbe
1944 2843 2034 2868 effettl
2046 2842 2096 2876 piu
2109 2843 2202 2876 tangi·
2230 2849 2241 2869 ι

1304 2885 1359 2910 bili
1379 2886 1408 2909 in
1428 2885 1551 2914 Lon-ena,
1571 2886 1643 2910 dove
1669 2885 1776 2910 Enrico
1795 2886 1911 2918 dispose
1936 2885 2011 2910 delle
2036 2886 2110 2909 terre
2127 2891 2200 2910 ane-

1302 2928 1449 2961 gnandole
1470 2936 1484 2952 a
1505 2930 1567 2952 suoi
1590 2928 1684 2958 fedeli,
1704 2936 1783 2953 come
1807 2927 1913 2960 Stenay
1933 2935 1947 2952 e
1966 2927 2068 2961 Moray
2085 2927 2152 2952 data
2172 2927 2199 2952 al

1305 2978 1426 2995 vescovo
1451 2970 1481 2994 di
1507 2970 1621 2995 Verdun
1649 2971 1694 2995 nel
1723 2970 1789 3001 1085
1818 2969 1961 3001 (Srumr,
1986 2970 2200 2999 Reiclaskouler.

1304 3011 1391 3046 2883).
1419 3011 1521 3041 Questi
1535 3012 1599 3038 beni
1616 3020 1702 3037 erano
1722 3020 1770 3045 per
1785 3013 1813 3037 lo
1827 3012 1876 3046 piis
1892 3012 1991 3037 allodii
2008 3011 2082 3036 della
2095 3010 2199 3041 madre,
2250 3023 2252 3042 ς
2283 3026 2288 3042 2
