2288 3476
405 249 417 283 l
433 248 474 282 14
1017 243 1250 280 EPITOME
1277 243 1615 280 POLIRONESE

396 370 526 412 pariter
548 370 583 401 in
605 374 737 402 tantum
759 367 951 405 incanduit,
974 373 1013 399 ut
1035 366 1143 409 ipsam
1167 377 1226 399 sue
1244 365 1493 399 sublimationis
1508 365 1795 409 impugnatricem
1816 377 1921 409 super
1943 377 2059 400 arcem
2083 367 2189 400 Gar·
2210 370 2213 378 ”

396 429 487 455 retro
511 423 630 455 turrim
654 421 788 454 carceri
811 420 1000 457 incluserit,
1017 419 1091 451 sola
1114 419 1179 452 sibi
1205 429 1369 452 concessa
1391 418 1569 457 ancillula;
1592 418 1714 462 regina
1735 425 1849 452 autem
1873 430 1950 453 cum
1973 420 2034 453 diu
2057 420 2185 453 mansi
2213 419 2215 422 ’

395 476 538 515 inclusa,
555 474 725 518 capellani
750 474 801 506 sui
826 473 966 506 tandem
990 472 1130 505 solertia
1146 472 1190 504 de
1208 482 1350 505 carcere
1367 472 1487 504 evasit.
1526 471 1592 505 Hic
1609 472 1699 504 enim
1716 472 1886 506 Martinus
1902 473 2040 506 nomine
2056 473 2110 506 vir
2124 472 2208 507 fide

397 536 430 562 et
452 539 568 572 sagaX,
591 538 723 560 murum
747 527 851 560 turris
874 525 1050 569 confregit
1073 525 1221 564 occulte,
1246 531 1280 558 et
1304 525 1477 558 dominam
1502 535 1580 558 cum
1604 525 1767 558 ancillula
1782 526 1872 559 clam
1889 526 1971 560 inde
1989 527 2132 566 ducens,
2155 542 2182 554 ι.
2202 545 2208 553 -

395 582 460 615 sibi
490 580 699 615 indumentis
731 580 897 617 virilibus,
927 589 1036 622 usque
1060 578 1105 611 ad
1128 578 1271 611 Mantue
1295 579 1408 611 lacum
1434 578 1613 621 perduxit3
1644 579 1703 622 qui
1734 579 1942 621 piscatorem
1967 590 2043 613 cum
2075 580 2156 613 navi
2189 595 2193 607 ι

396 635 618 678 reperientes,
642 633 816 666 transvehi
840 632 1023 675 petierunt.
1070 632 1122 664 Eo
1154 642 1237 664 vero
1269 632 1499 675 navigationis
1528 632 1676 675 pretium
1708 638 1924 674 esposcente‚
1950 633 2063 678 inquit
2092 634 2138 666 ad
2190 653 2202 660 ,-

396 688 594 731 capellanus
617 687 752 730 regine:
778 686 814 719 Si
838 686 955 724 scires,
977 686 1038 729 qui
1060 696 1184 725 sumus,
1211 695 1274 718 nos
1297 685 1384 718 letus
1408 691 1443 718 et
1466 684 1596 728 absque
1619 685 1734 728 pretio
1757 686 1914 719 veheres.
1953 685 2023 724 Qui
2045 680 2203 730 respon-'J

395 742 488 785 Ergo
512 741 594 773 mihi
610 740 743 782 aperite
760 740 819 783 qui
836 739 943 772 estis?
961 739 1117 783 Dumque
1134 744 1385 772 sacramentum
1402 738 1446 771 ab
1462 749 1505 772 eo
1517 744 1686 780 peterent,
1703 738 1796 782 quod
1811 739 1939 772 nemini
1954 739 2125 773 revelaret
2140 750 2180 773 ar
2203 778 2206 782 ¹

396 805 487 832 num,
511 794 583 836 ipse
607 793 741 826 duobus
764 793 921 836 acceptis
945 792 1078 825 baculis
1093 792 1130 824 in
1147 792 1293 835 effigiem
1320 791 1433 824 crucis
1448 791 1485 824 in
1508 798 1634 824 terram
1651 792 1781 834 positis,
1797 803 1832 825 se
1848 802 1921 825 rem
1945 793 2135 826 celaturum
2150 804 2201 828 lm

395 848 453 880 vit.
483 848 585 879 Tunc
609 846 809 889 capellanus
832 846 862 878 ei
886 846 1022 889 aperuit
1044 846 1136 878 hanc
1167 845 1327 878 indicans
1351 855 1424 878 esse
1447 846 1614 889 reginam.
1652 845 1809 879 Piscator
1837 846 1953 889 itaque
1969 847 2058 879 letus
2080 847 2151 879 effe
2182 846 2200 873 ι’

395 901 526 943 palmas
550 901 594 932 ad
618 900 753 932 coelum
777 899 900 937 tendit,
924 899 1037 932 statim
1061 909 1122 932 eos
1144 899 1180 931 in
1203 898 1361 931 navicula
1386 904 1577 941 assumptos
1607 898 1655 931 ad
1685 898 1787 930 aliam
1817 898 1915 932 lacus
1945 899 2058 942 ripam
2088 900 2147 932 de
2164 916 2182 927 ,ο
2198 893 2206 923 s

394 964 502 998 prope
526 953 645 986 silvam
668 964 775 996 usque
796 953 888 986 lacui
918 952 1128 996 contiguam.
1174 951 1310 995 Regine
1333 962 1470 995 quoque
1500 952 1632 994 piscem
1664 951 1789 984 obtulit
1814 962 1951 996 rogans,
1974 958 2012 986 ut
2041 952 2069 985 si
2100 964 2124 997 q
2154 967 2158 980 ι
2178 969 2182 979 ·

395 1018 561 1051 prospera
584 1006 648 1040 sibi
671 1007 843 1039 arrideret
865 1007 1014 1046 fortuna,
1037 1006 1319 1039 reminisceretur
1341 1006 1551 1048 pauperrimi
1574 1005 1767 1048 piscatoris.
1812 1005 2060 1039 Per-venientes
2075 1005 2197 1051 igitur

392 1063 503 1104 ipsam
538 1061 696 1099 insulam,
726 1071 794 1092 una
824 1059 874 1092 ibi
905 1060 1099 1093 ebdomada
1128 1059 1255 1102 trepidi
1287 1058 1472 1091 latuerunt.
1518 1058 1728 1100 Capellanus
1759 1060 1849 1091 enim
1879 1065 2015 1093 secreto
2046 1059 2124 1093 loca
2158 1059 2208 1088 ÷-‘
2266 1088 2268 1095 ,

396 1114 560 1158 contigua
594 1114 812 1152 circumiens,
848 1113 977 1146 victum
1012 1113 1222 1155 procurabat
1255 1113 1394 1157 regine3
1426 1118 1599 1145 transacta
1635 1111 1829 1146 ebdomada
1859 1113 2045 1156 suspirans,
2075 1118 2112 1146 et
2140 1107 2200 1153 i

396 1169 545 1201 miscens
567 1168 707 1210 Regina
721 1178 803 1200 suae
820 1166 981 1199 miseriae
997 1172 1139 1199 statum:
1162 1168 1176 1183 “
1190 1166 1279 1205 Heu,
1296 1166 1409 1209 inquit
1431 1165 1624 1208 capellano,
1648 1165 1821 1208 captivam
1844 1176 1898 1199 me
1914 1177 2051 1210 semper
2065 1176 2139 1200 oese
2266 1204 2267 1214 ἵ

401 1221 550 1264 “spicio,
573 1221 738 1264 quidnam
762 1220 849 1251 mihi
872 1220 929 1253 hic
954 1230 1027 1252 esse
1051 1218 1221 1262 prodest?
1245 1219 1346 1252 Vade
1371 1229 1477 1262 queso
1509 1219 1615 1262 igitur
1638 1219 1683 1251 ad
1705 1219 1886 1261 Reginum
1917 1220 2119 1263 episcopum
2155 1231 2159 1237 ·
2184 1218 2209 1258 ·‘[
2266 1230 2267 1239 ¹

399 1275 414 1291 ¹⁶
428 1275 575 1313 lardum,
599 1274 658 1318 qui
682 1284 761 1306 cum
783 1273 890 1305 michi
915 1273 1135 1305 consueverit
1159 1283 1233 1304 esse
1256 1272 1379 1309 fidelis,
1403 1282 1516 1314 spero,
1540 1273 1635 1315 quod
1651 1273 1679 1304 si
1695 1272 1769 1311 sibi,
1794 1278 1942 1315 quantus
1965 1273 2009 1306 sit
2030 1283 2127 1306 meus
2141 1267 2204 1307 fl
2211 1313 2212 1316 Ἴ

402 1328 652 1364 “indicaveris,
675 1326 822 1359 forsitan
846 1325 1063 1358 miserebitur
1084 1325 1192 1358 nostri
1209 1349 1236 1366 „.
1282 1325 1360 1358 Hec
1377 1325 1497 1357 dicens
1513 1325 1625 1358 statim
1649 1325 1850 1368 capellanus
1866 1327 1912 1358 ad
1935 1325 2135 1369 episcopum
2156 1336 2181 1370 p
2192 1320 2213 1383 s

396 1381 541 1424 peravit,
563 1386 598 1413 et
628 1386 764 1412 secreto
795 1379 858 1412 sibi
882 1379 1023 1423 reginae
1055 1379 1228 1411 miseriam
1258 1378 1489 1421 patefaciens,
1513 1379 1587 1411 eius
1618 1378 1683 1411 sibi
1707 1379 1862 1411 conferri
1891 1379 2079 1421 presidium
2109 1390 2166 1412 su

397 1435 497 1467 cavit.
543 1433 742 1467 Condolens
775 1433 828 1465 his
864 1432 1057 1474 episcopus,
1093 1431 1182 1463 letus
1216 1437 1342 1469 tamen,
1381 1432 1474 1474 quod
1508 1431 1630 1475 regina
1663 1431 1806 1471 viveret,
1841 1432 1996 1465 efficitur.
2049 1433 2146 1476 Cape
2180 1448 2207 1471 ω

395 1487 576 1532 respondit
598 1486 727 1519 nullum
751 1496 787 1518 se
810 1485 987 1527 possidere
1011 1485 1189 1527 oppidum,
1211 1486 1248 1516 in
1271 1495 1339 1527 quo
1363 1495 1486 1517 secure
1509 1491 1626 1527 posset
1648 1485 1770 1528 regina
1792 1486 1930 1518 morari.
1961 1485 2107 1518 Militem
2124 1492 2206 1524 tan*

396 1553 433 1575 se
456 1541 586 1574 habere
609 1540 697 1572 dixit
712 1539 875 1572 Attonem
893 1538 1044 1576 nomine,
1060 1549 1160 1581 quem
1176 1548 1281 1580 supra
1296 1538 1454 1576 diximus,
1471 1538 1575 1570 filium
1593 1537 1776 1582 Sigifredi,
1794 1538 2037 1571 amicissimum
2051 1538 2127 1578 sibi,
2174 1554 2177 1565 ι
2192 1531 2197 1534 ’

398 1600 473 1628 erat
498 1590 648 1627 castrum
671 1593 824 1626 Canossa
853 1593 992 1624 nomine
1022 1598 1103 1623 ante
1126 1590 1257 1623 dictum
1287 1601 1350 1633 pro
1381 1591 1503 1635 regina
1533 1591 1735 1624 tutissimum
1757 1602 1881 1624 revera
1902 1592 2102 1635 presidium.

396 1648 512 1681 festim
535 1647 641 1691 igitur
671 1646 887 1688 capellanum
911 1645 958 1677 ad
987 1644 1153 1678 Attonem
1185 1644 1320 1677 direxit.
1367 1644 1438 1683 Qui
1463 1655 1540 1677 eum
1564 1645 1698 1684 videns,
1721 1650 1756 1677 et
1786 1645 1830 1678 de
1861 1645 1983 1689 regina
2012 1646 2178 1690 interrog
2196 1657 2209 1673 .-

398 1713 484 1741 eam,
509 1702 553 1734 de
577 1701 746 1733 industria
767 1711 829 1732 sua
851 1699 1042 1742 respondit,
1066 1699 1102 1730 in
1125 1709 1268 1732 carcere
1293 1699 1371 1732 fore
1395 1698 1608 1732 defunctam.
1654 1699 1757 1731 Tunc
1781 1699 1878 1738 Atto,
1894 1700 1954 1742 qui
1977 1699 2131 1744 reginam

397 1756 475 1788 liter
497 1754 692 1793 adamabat,
714 1753 855 1786 nimium
877 1753 960 1785 inde
988 1753 1111 1785 dolens
1133 1752 1317 1785 lachrimas
1340 1752 1433 1784 fudit
1463 1763 1604 1785 amaras.
1651 1750 1757 1790 Quod
1783 1762 1930 1786 cernens
1959 1752 2100 1796 reginae
2122 1742 2205 1794 ca,l

395 1810 506 1847 lanus,
529 1819 601 1840 rem
624 1808 654 1840 ei
678 1808 792 1840 statim
816 1807 961 1849 aperuit.
1007 1806 1091 1839 Atto
1114 1806 1218 1849 igitur
1240 1816 1330 1849 equo
1353 1806 1523 1839 velociter
1545 1815 1699 1847 ascenso,
1730 1816 1808 1838 cum
1841 1806 2022 1849 capellano
2044 1811 2079 1840 et
2101 1807 2209 1839 fam‘

395 1862 442 1896 ad
463 1862 621 1906 reginam
651 1861 815 1904 perrexit,
847 1871 949 1904 quam
972 1861 1008 1892 in
1031 1860 1116 1892 silva
1146 1859 1324 1902 reperiens
1355 1869 1432 1892 cum
1463 1859 1637 1899 ancillula,
1663 1860 1710 1893 ad
1742 1858 1928 1892 canossam
1959 1869 2035 1893 eam
2065 1861 2154 1903 perd
2210 1895 2213 1897 ,

396 1918 481 1950 Post
502 1917 569 1949 hec
592 1916 741 1948 Romam
765 1915 809 1946 ad
832 1924 956 1956 papam
979 1913 1163 1946 iohannem
1187 1913 1326 1945 nomine
1350 1913 1592 1946 duodecimum
1616 1913 1779 1945 nuncium
1802 1913 1904 1946 huius
1925 1913 1977 1945 rei
2002 1913 2137 1952 direxit,
2165 1909 2208 1954 ιι

398 1970 535 2013 plicans
557 1969 621 2002 sibi
637 1979 742 2011 super
757 1968 822 2000 hac
838 1978 876 2000 re
892 1967 1037 2011 dignum
1053 1966 1205 2009 impendi
1222 1966 1411 1999 consilium.
1443 1966 1707 2000 Deliberaverat
1723 1966 1815 1998 enim
1838 1965 1922 1999 Atto
1939 1966 2094 2010 reginam
2115 1967 2169 2010 ips
2179 1980 2193 1993 τι

398 2023 600 2067 Ιιιιρειειτοιί
631 2022 760 2060 ottoni,
787 2027 871 2054 tunc
901 2020 1082 2054 Alamanie
1117 2020 1192 2064 regi
1226 2020 1261 2052 in
1296 2020 1492 2063 conjugium
1524 2020 1699 2062 copulare.
1745 2020 1842 2062 Papa
1875 2030 1958 2053 vero
1990 2030 2164 2053 commen·
2182 2036 2197 2049 1·

398 2077 492 2121 quod
522 2082 676 2120 gesserat
708 2075 805 2113 Atto,
835 2075 1013 2107 mandavit
1044 2074 1087 2112 ei,
1117 2080 1156 2106 ut
1186 2074 1280 2116 quod
1311 2074 1355 2106 de
1387 2073 1510 2117 regina
1541 2079 1777 2116 proposuerat,
1808 2073 1991 2106 salubriter
2020 2073 2173 2117 adimple

397 2130 481 2164 Atto
503 2131 607 2174 igitur
637 2129 810 2172 pontificis
839 2129 981 2172 cognita
1011 2127 1188 2160 voluntate
1211 2127 1365 2171 reginam
1398 2127 1512 2159 eidem
1536 2127 1654 2159 Ottoni
1687 2127 1863 2160 Veronam
1891 2127 2044 2160 venienti
2073 2127 2173 2160 dedit
2202 2161 2209 2163 ,

397 2184 590 2227 coniugem.
636 2183 718 2216 Otto
742 2193 825 2215 vero
847 2192 909 2214 rex
933 2181 1053 2214 Attoni
1076 2181 1225 2213 maxima
1247 2191 1312 2223 per
1335 2181 1400 2213 hec
1422 2180 1576 2223 promisit
1598 2180 1777 2213 beneficia.

1232 2314 1335 2348 CAP.
1359 2315 1403 2347 ΙΙ.

400 2389 555 2431 Qualiter
581 2387 660 2421 Otto
682 2388 872 2432 imperator
894 2388 930 2419 in
952 2387 1116 2419 aum'lium
1138 2386 1233 2418 venit
1255 2385 1425 2418 Attoniin
1443 2385 1587 2418 Canossa
1608 2386 1747 2426 obsesso,
1772 2390 1806 2418 et
1826 2386 2063 2430 Beringarius
2083 2386 2169 2430 capi
2177 2402 2194 2410 ·’
2255 2430 2256 2433 ¹
2286 2402 2287 2405 ¹

487 2497 562 2529 Hec
590 2496 637 2528 ita
667 2495 750 2527 dum
779 2505 816 2527 se
846 2494 1024 2533 haberent,
1060 2493 1175 2526 omnia
1206 2503 1346 2535 prorsus
1377 2493 1534 2526 latebant
1564 2493 1801 2537 Beringarium
1833 2503 1962 2536 regem.
2013 2492 2159 2537 Cognov
2199 2482 2206 2532 ⁶,

398 2560 481 2582 sane
505 2549 655 2582 evasisse
679 2548 846 2592 reginam,
868 2548 931 2580 sed
954 2557 1024 2590 quo
1047 2546 1245 2591 aufugisset,
1269 2545 1397 2589 quidve
1421 2546 1558 2590 egisset,
1582 2552 1658 2578 erat
1679 2546 1831 2589 ignarus.
1877 2545 2009 2578 Audito
2030 2551 2148 2579 autem
2178 2550 2207 2591 ⁰⁴

399 2603 489 2635 tonis
511 2602 601 2646 regis
624 2601 776 2635 adventu
799 2600 973 2639 Veronae,
997 2606 1032 2632 et
1054 2608 1268 2643 quecumque
1291 2599 1336 2631 de
1360 2599 1482 2642 regina
1505 2609 1582 2631 cum
1607 2609 1650 2631 eo
1675 2605 1794 2642 egerat
1825 2598 1918 2637 Atto,
1949 2598 2057 2631 iratus
2080 2604 2115 2631 et
2137 2598 2187 2631 fr
2202 2594 2211 2642 'j
2254 2621 2255 2640 ;
2283 2610 2287 2626 τ

399 2656 486 2688 dens
508 2656 703 2689 coadunato
726 2654 885 2686 exercitu
900 2654 996 2686 venit
1011 2654 1208 2692 Canossam,
1234 2662 1379 2695 eamque
1395 2651 1576 2685 obsidione
1592 2652 1742 2685 vallavit.
1773 2651 1846 2685 Sed
1862 2651 1945 2685 Atto
1960 2649 2182 2694 vir'prudenn

398 2715 566 2747 strenuus,
589 2707 765 2750 oppidum,
788 2707 893 2739 etiam
915 2707 985 2739 loci
1007 2712 1129 2739 natura
1152 2705 1386 2744 fortissimum,
1408 2705 1612 2737 necessariis
1635 2704 1908 2748 quibuscumque
1930 2704 2108 2737 munierat.
2145 2704 2206 2738 Su

399 2762 504 2805 igitur
526 2761 572 2794 ad
587 2761 826 2794 defensionem
840 2760 948 2793 solum
966 2758 1215 2792 cohortabatur
1229 2758 1413 2801 intrepide.
1445 2758 1602 2819 Cumque
1617 2769 1678 2791 rex
1693 2758 1923 2801 Berengarius
1946 2764 2094 2791 castrum
2114 2767 2155 2807 ρ·
2187 2780 2195 2785 ψ

399 2825 472 2847 sum
496 2815 612 2848 multis
635 2814 711 2847 telis
734 2819 769 2846 et
790 2813 959 2846 machinis
988 2813 1183 2855 impeteret,
1214 2812 1352 2844 excelsa
1381 2818 1496 2844 tamen
1527 2811 1602 2843 eius
1631 2811 1745 2844 menia
1778 2811 1937 2855 contingi
1960 2821 2030 2843 non
2060 2817 2173 2854 pote

399 2869 494 2901 Inter
516 2869 581 2900 hec
606 2873 833 2901 consueverat
854 2867 1027 2899 interdum
1050 2866 1136 2899 Atto
1153 2866 1197 2898 de
1221 2866 1306 2898 turri
1329 2865 1466 2898 excelsa
1490 2865 1714 2903 descendere,
1738 2871 1773 2897 et
1795 2863 2040 2907 prestantiores
2062 2863 2127 2897 sibi
2167 2863 2175 2872 ⁸

400 2921 538 2964 alloqui.
584 2921 689 2959 Quod
712 2931 774 2953 rex
803 2919 1001 2963 intelligens
1027 2919 1121 2951 illum
1153 2919 1449 2961 comprehendere
1480 2917 1694 2950 machinatus
1724 2923 1786 2950 est.
1832 2917 1984 2956 Quidam
2006 2926 2090 2949 vero
2113 2915 2189 2950 Att

400 2974 541 3012 amicus,
558 2974 624 3006 hec
640 2973 815 3016 presciens
830 2984 907 3005 eum
930 2978 1064 3005 secreto
1088 2973 1132 3006 de
1148 2972 1233 3004 turri
1256 2977 1428 3009 vocatum,
1446 2977 1482 3003 ut
1506 2971 1629 3003 emisso
1645 2981 1708 3013 per
1731 2970 1966 3003 fenestrellam
1981 2970 2084 3003 turris
2106 2980 2202 3013 cap
2203 3008 2211 3026 „¹
2250 3009 2251 3012 Ἴ

401 3027 473 3059 eius
496 3027 631 3060 audiret
654 3026 759 3059 verba
782 3026 932 3069 rogavit3
957 3027 1051 3070 quod
1075 3036 1152 3058 cum
1170 3025 1312 3058 fecisset
1327 3026 1420 3064 Atto,
1438 3025 1527 3056 hanc
1544 3025 1576 3056 ei
1593 3024 1755 3057 fabellam
1774 3023 1934 3056 narravit.
1976 3022 2120 3062 Ursus‚‘
2111 3031 2205 3067 inq=
