2288 3476
211 909 232 924 c.
246 904 294 928 «ἢν

186 2067 262 2093 Mum,
277 2069 316 2093 ⁴⁶⁵

318 3021 351 3040 10
378 3023 433 3041 sore
451 3016 512 3050 (pp.
537 3014 671 3049 310-315).
1322 3015 1437 3039 irritare
1456 3015 1484 3039 la
1505 3012 1709 3040 suscettibillta
1729 3015 1774 3039 dei
1794 3014 1936 3039 Milanesl.

386 231 434 264 22
869 226 1182 263 LANDULPHI
1210 227 1279 262 DE
1308 226 1519 261 SANCTo
1549 225 1727 261 PAULO
1904 231 1989 266 [ΑΛ.
2009 218 2192 266 nuans

384 302 2152 312 ----------------------------------------------------------------------------------------------------------------------------------------------------------------------------------------------
2153 304 2170 311 .,

389 363 523 394 “meam
548 361 644 393 finire
660 360 695 392 in
711 359 868 392 manibus
891 369 1020 396 eorum,
1046 368 1189 401 quorum
1213 357 1430 400 protectione
1455 367 1580 400 corpus
1596 363 1631 390 et
1646 357 1759 390 anima
1784 368 1868 396 mea,
1893 365 2068 401 prestante
2099 359 2157 392 div
2179 379 2192 395 «⁷

388 414 534 459 “gratia,
557 419 755 456 protegatur
778 423 799 444 a
822 411 976 443 manibus
1000 421 1128 449 eorum,
1153 410 1212 454 qui
1234 411 1452 454 protegendo
1477 410 1715 449 Grosulanum‚
1746 411 1924 444 veritatem
1948 411 2013 444 Dei
2037 412 2164 446 occult
2193 412 2201 427 ”

387 468 595 500 “voluerunt
618 472 652 498 et
674 465 802 497 volunt.
848 465 901 496 De
925 464 1074 496 ecclesia
1098 470 1212 495 autem
1235 463 1300 495 ista
1332 461 1598 500 Mediolanensi,
1621 464 1657 495 in
1681 474 1748 507 qua
1772 464 1922 496 consulis
1945 464 2051 497 michi
2074 475 2169 498 man
2184 467 2186 470 ’

386 522 401 538 ⁴⁴
415 526 449 552 et
472 520 575 552 vitam
599 518 707 557 finire,
732 518 821 556 dico,
839 517 933 560 quod
947 518 1008 550 illa
1024 522 1075 549 est
1091 516 1207 555 michi,
1232 516 1388 559 cupienti
1404 516 1657 549 Yerosolimam
1671 515 1679 534 ¹
1704 516 1812 556 adire,
1830 528 1895 550 ceu
1910 517 2006 550 navis
2022 518 2097 551 sine
2112 529 2156 552 na
2189 539 2190 542 =

387 576 401 591 ‘⁴
415 579 449 606 et
471 573 599 615 remige
622 573 659 604 in
681 578 783 614 portu
806 577 1020 614 putrescens.
1068 569 1173 609 Quod
1196 570 1222 602 si
1255 569 1384 602 vixeris
1414 570 1604 603 secundum
1635 575 1761 603 etatem
1791 577 1895 610 tuam,
1917 581 1992 604 eam
2014 571 2118 604 talem

388 628 402 643 ²
415 625 613 668 experieris.
661 624 801 657 Interim
818 630 852 656 et
869 635 934 667 ego
951 625 1094 657 consulo
1111 623 1187 662 tibi,
1203 630 1240 656 ut
1255 623 1556 666 participationem
1573 633 1690 656 mense
1705 623 1863 657 Yordani
1879 624 2020 668 ejusque
2036 624 2149 660 beuefi
2158 621 2195 666 v'f

388 681 481 722 “que
505 685 604 721 potes
627 684 744 711 tenere
768 683 914 720 propter
937 677 1144 710 electionem
1170 683 1205 709 et
1226 676 1464 710 investituram
1489 677 1692 709 diaconatus
1716 677 1850 719 capelle
1873 678 1958 722 ejus,
1981 687 2085 721 quam
2106 678 2152 712 ab
2193 693 2195 695 ·

387 734 402 750 ¹‘
414 732 597 774 suscepisti
614 742 669 763 me
683 732 870 770 nesciente,
894 741 996 774 quam
1019 741 1112 768 vero,
1129 731 1211 764 dum
1235 736 1352 773 gratus
1368 736 1403 763 et
1419 730 1601 763 benivolus
1624 729 1686 762 tibi
1703 730 1820 769 fuerit,
1839 731 1870 763 ei
1893 737 1986 764 tuum
2011 731 2192 776 obsequia:
2244 723 2249 762 ἶ

387 788 400 804 “
413 785 618 827 impendere
635 795 702 817 non
719 784 922 827 prohibebis
934 807 964 824 „.
1010 784 1079 816 Per
1094 785 1159 817 hec
1176 795 1312 827 quoque
1328 783 1443 823 verba,
1460 794 1526 826 que
1542 783 1599 816 hic
1616 793 1712 816 meus
1728 784 1891 827 magister
1906 784 2012 818 michi
2028 784 2151 824 dixit,
2139 796 2170 819 ι·
2194 780 2195 783 “
2244 764 2250 864 ἰ

380 839 567 872 Yordanus
591 838 732 881 eiusque
759 837 894 870 fabrica
916 837 1022 870 michi
1039 842 1226 880 suspectus,
1251 842 1286 870 et
1308 837 1345 869 in
1368 842 1467 878 parte
1491 842 1661 879 suspecta,
1678 842 1779 878 atque
1796 843 1904 880 grata,
1920 837 2195 881 quemadmod
2247 867 2249 880 ἱ

381 892 415 924 in
440 891 671 930 vicedomino,
696 891 772 923 fuit.
819 890 928 934 Hujus
952 890 1020 923 mei
1043 890 1198 934 magistri
1216 890 1421 923 conscilium
1445 900 1604 933 sequenS‚
1627 899 1705 922 cum
1728 890 1839 923 velem
1863 890 2016 932 prorsus'
2041 891 2192 926 dimitt

380 946 541 978 Yordani
557 944 899 984 administrationem,
915 944 1050 977 delatus
1067 949 1119 976 est
1134 944 1210 986 ipse
1227 943 1403 986 presbiter
1418 943 1463 975 ad
1479 942 1657 976 Pontidii²
1680 943 1936 983 monasterium,
1952 955 2007 977 me
2023 943 2188 979 nescien

380 1000 421 1032 In
444 1009 512 1042 quo
535 998 743 1031 monasterio
766 1008 882 1031 coram
899 997 1078 1030 monachis
1094 1004 1127 1029 et
1143 997 1308 1030 fratribus
1323 997 1358 1028 in
1374 997 1463 1029 festo
1479 997 1590 1029 sancti
1608 996 1771 1030 Nicholai
1794 1007 1902 1041 usque
1926 999 1973 1031 ad
1987 998 2117 1031 sentum
2139 1009 2159 1032 e
2170 991 2196 1026 νζ

379 1052 505 1095 phanie
528 1051 670 1084 Domini
693 1051 877 1094 splendide
901 1051 993 1084 vixit.
1039 1050 1152 1093 Atque
1176 1051 1211 1082 in
1228 1049 1383 1083 eiusdem
1405 1050 1601 1082 festivitatis
1617 1056 1732 1089 nocte,
1755 1051 1895 1093 quando
1911 1051 2068 1094 spiritum
2097 1051 2154 1079 ,ω’
2184 1063 2206 1079 w

380 1116 525 1149 magnus
547 1110 582 1137 et
604 1105 718 1137 suavis
740 1105 905 1147 splendor
929 1105 1078 1143 domum,
1101 1105 1137 1136 in
1161 1114 1229 1147 qua
1250 1103 1399 1147 jacebat,
1423 1103 1670 1137 admirantibus
1694 1103 2004 1144 circumstantibus,
2029 1104 2166 1138 illustra

381 1165 416 1192 et
438 1158 654 1191 illuminavit.
699 1159 745 1190 Et
768 1158 856 1191 sicut
877 1157 937 1190 ille
960 1158 1160 1200 predixerat
1182 1157 1359 1194 fratribus,
1382 1157 1418 1188 in
1440 1157 1526 1189 hora
1540 1157 1611 1199 illa,
1635 1157 1775 1200 quando
1799 1167 1926 1200 corpus
1942 1157 2016 1202 ejus
2039 1157 2159 1192 iereba

380 1213 426 1244 ad
448 1212 680 1254 sepulchrum,
704 1210 786 1244 solis
807 1210 975 1254 splendor
1001 1221 1117 1243 aerem
1140 1210 1346 1243 illuminavit
1370 1215 1405 1242 et
1430 1210 1539 1242 nubes
1562 1219 1640 1242 cum
1664 1210 1743 1242 nive
1768 1211 1928 1243 cessavit.
1973 1211 2053 1254 Ipso
2077 1221 2171 1256 quoq

380 1265 575 1307 presbitero
599 1265 767 1298 existente
789 1264 825 1296 in
848 1265 928 1305 vita,
954 1275 1030 1296 cum
1055 1264 1242 1296 Yordanus
1265 1269 1301 1296 et
1317 1264 1427 1296 ceteri
1451 1263 1709 1296 Grosulanistae
1733 1263 2057 1307 calumpniabantur
2079 1275 2158 1298 eum
2252 1301 2255 1312 ,

380 1330 475 1351 suam
500 1319 620 1361 legem,
643 1318 771 1351 nobilis
793 1317 892 1350 miles
915 1317 1137 1350 Placentinus
1161 1318 1204 1350 de
1227 1317 1391 1350 faucibus
1413 1317 1531 1350 mortis
1554 1317 1600 1349 ad
1622 1317 1759 1349 laudem
1785 1317 1858 1350 eius
1881 1323 2021 1360 ereptus
2044 1324 2111 1357 est3
2134 1329 2158 1362 q
2179 1336 2200 1355 -ε,
2252 1314 2255 1321 ’

381 1383 458 1405 cum
482 1371 578 1405 miles
601 1372 660 1404 ille
676 1377 766 1404 esset
781 1371 881 1414 quasi
904 1371 940 1402 in
962 1381 1119 1413 sompno,
1135 1370 1240 1403 sensit
1264 1371 1357 1403 hunc
1374 1370 1602 1413 presbiterum
1625 1370 1767 1413 palpare
1790 1377 1893 1414 gutur
1914 1381 2023 1411 suum,
2046 1377 2082 1404 et
2102 1377 2171 1405 sta·

380 1425 508 1458 evomit
531 1436 568 1458 os
591 1425 706 1468 piscis,
737 1425 831 1468 quod
862 1423 1056 1457 soffocabat
1086 1434 1176 1456 eum.
1222 1424 1358 1456 Eodem
1382 1424 1485 1456 etiam
1514 1429 1682 1466 tempore,
1713 1434 1793 1457 cum
1817 1424 1938 1457 domus
1960 1424 2138 1470 cujusdam
2167 1422 2215 1452 υἷϊ
2254 1433 2257 1474 ᾗ

379 1479 489 1511 affinis
513 1486 547 1512 et
569 1478 633 1511 sibi
657 1478 848 1510 atrahentis
878 1477 1028 1517 arderet,
1050 1483 1194 1519 repente
1219 1476 1341 1521 ymber
1364 1477 1443 1515 fuit,
1469 1482 1502 1509 et
1525 1476 1659 1519 paleam
1684 1483 1719 1510 et
1741 1476 1880 1510 domum
1903 1477 2011 1521 ipsius
2031 1477 2150 1521 presbi
2173 1502 2180 1506 -
2209 1471 2212 1476 “
2254 1482 2257 1523 ζ

382 1533 516 1576 integre
547 1531 704 1565 servavit.
751 1531 857 1570 Quod
880 1531 908 1563 si
933 1540 1091 1563 curerem
1115 1540 1179 1573 per
1209 1530 1354 1573 singula,
1379 1539 1446 1573 que
1477 1530 1571 1562 Deus
1593 1530 1680 1563 fecit
1702 1530 1749 1563 ad
1771 1530 1910 1564 laudem
1940 1531 2025 1576 ejus,
2048 1530 2217 1565 deficer'

379 1586 518 1630 quidem
540 1585 679 1628 spiritus
694 1596 800 1617 meus.
847 1585 919 1618 Sed
934 1585 1038 1624 Deus,
1055 1584 1113 1627 qui
1127 1595 1190 1627 per
1213 1583 1328 1617 omnia
1342 1584 1460 1616 secula
1483 1583 1578 1622 vivit,
1603 1589 1637 1616 et
1658 1590 1782 1627 regnat
1804 1594 1896 1617 nunc
1913 1590 1947 1617 et
1968 1594 2116 1628 semper,
2138 1594 2182 1618 an
2204 1576 2213 1582 '¹

379 1651 434 1672 me
457 1640 530 1684 ejus
553 1638 747 1672 benedicat.
784 1637 895 1670 Amen
909 1637 930 1670 ³.
976 1638 1021 1671 Et
1043 1637 1148 1670 michi
1170 1637 1316 1682 gratiam
1331 1642 1427 1670 recte
1449 1637 1626 1670 scribendi
1649 1637 1785 1670 tribuat.
1833 1636 1928 1676 Quia
1949 1637 2084 1671 sincere
2099 1638 2182 1672 adh
2202 1631 2216 1670 -ζ
2255 1629 2258 1639 Τ

381 1693 487 1736 cupio
510 1693 664 1726 scribere
687 1702 739 1730 ea,
756 1701 822 1735 que
838 1692 873 1723 in
896 1691 1046 1724 ecclesia
1062 1698 1096 1724 et
1110 1691 1145 1723 in
1162 1701 1270 1734 regno
1294 1701 1356 1733 per
1378 1691 1561 1733 pontifices
1577 1696 1611 1723 et
1627 1690 1746 1724 abates
1761 1697 1797 1724 et
1812 1691 2010 1725 sacerdotes
2031 1696 2068 1725 et
2083 1691 2205 1725 levit

377 1758 440 1790 per
464 1745 623 1779 consules
645 1751 680 1779 et
702 1746 809 1784 cives,
834 1751 869 1778 et
884 1746 984 1778 allios
999 1745 1148 1778 ecclesie
1174 1751 1208 1777 et
1223 1745 1322 1789 regni
1345 1745 1518 1777 ministros
1540 1744 1707 1778 seminata
1731 1750 1766 1777 et
1782 1751 1925 1787 operata
1947 1751 2036 1785 sunt,
2053 1755 2123 1779 non
2137 1750 2215 1783 ῒηι

379 1806 452 1833 tum
475 1800 521 1832 ad
544 1805 777 1844 augmentum,
801 1799 864 1831 sed
888 1799 991 1831 etiam
1015 1799 1060 1831 ad
1083 1798 1324 1831 detrimentum
1348 1797 1527 1842 religionis
1550 1803 1584 1830 et
1609 1797 1742 1830 directe
1766 1798 2038 1831 consuetudinis.

466 1899 520 1930 36.
543 1917 584 1923 -
608 1897 717 1940 Igitur
740 1896 934 1939 presbitero
966 1896 1144 1939 Liprando
1175 1895 1290 1938 posito
1321 1895 1358 1927 in
1387 1895 1539 1928 Pontidii
1570 1895 1791 1936 monasterio,
1821 1895 1914 1928 fama
1945 1896 1989 1929 de
2020 1896 2212 1938 Grosulanq
2258 1906 2260 1914 ·’

379 1952 546 1984 redeunte
576 1950 801 1984 Yerosolimis
824 1960 925 1982 aures
947 1949 1107 1982 Yordani
1130 1955 1165 1982 et
1187 1948 1440 1982 ordinariorum
1471 1949 1545 1992 ejus
1571 1948 1741 1991 implevit.
1787 1949 1833 1982 Et
1856 1948 2056 1982 Mainardus
2086 1946 2227 1984 Tauri-⁴

380 2005 494 2037 nensis
517 2004 700 2047 episcopus
731 2004 856 2036 iterum
887 2002 1126 2036 Mediolanum
1149 2003 1255 2042 venit,
1278 2008 1383 2045 atque
1410 2002 1556 2040 stollam,
1581 2013 1682 2045 quam
1705 2003 1740 2034 in
1763 2003 1969 2045 precedenti
2001 2003 2117 2037 anno⁴
2138 1997 2217 2038 sin-2
2259 2017 2262 2020 ’

379 2064 595 2091 sacramento
608 2056 775 2090 Yordauo
792 2057 876 2089 dare
893 2056 1003 2088 noluit
1019 2067 1133 2099 neque
1150 2055 1258 2093 dedit,
1274 2065 1377 2094 nunc,
1394 2055 1560 2088 videlicet
1574 2056 1611 2088 in
1629 2056 1719 2088 festo
1742 2056 1851 2088 sancti
1869 2055 2057 2096 Nicholai,'
2073 2055 2216 2100 quand

377 2110 549 2155 presbiter
571 2111 768 2153 Liprandus
791 2109 989 2142 Pontidium
1013 2109 1163 2148 intravit,
1187 2120 1291 2152 super
1314 2109 1423 2141 altare
1446 2110 1557 2141 sancti
1580 2108 1756 2141 Ambrosii
1780 2110 1906 2151 posuit.
1952 2111 1998 2143 Et
2018 2109 2215 2153 Yordanus,

381 2164 556 2198 osculatus
581 2175 667 2203 eam,
691 2164 734 2196 de
757 2163 832 2205 ipso
856 2163 956 2195 altari
987 2163 1160 2205 asumpsit.
1210 2161 1289 2200 Que
1321 2162 1446 2204 positio
1471 2168 1504 2194 et
1528 2163 1709 2205 asumptio,
1740 2162 1941 2195 absentibus
1963 2162 2150 2196 ordinariis
2189 2179 2202 2190 -ι
2261 2182 2263 2194 ι

379 2218 600 2261 primiceriis,
623 2218 718 2250 facta
740 2217 806 2249 tuit
819 2216 841 2249 ⁵.

466 2314 520 2351 37.
544 2333 585 2338 -
608 2313 744 2346 Deinde
768 2314 919 2346 securius
941 2313 1034 2346 idem
1057 2313 1350 2356 archiepiscopus,
1374 2323 1461 2356 quos
1483 2313 1604 2352 voluit,
1628 2313 1716 2346 lesit.
1762 2313 1821 2346 Me
1844 2313 1974 2357 quippe
1995 2324 2037 2347 eo
2059 2318 2221 2358 tempe„

377 2369 503 2413 injuste
526 2367 685 2400 turbavit.
710 2366 817 2406 Quod
841 2378 918 2399 cum
941 2366 1114 2409 presbiter
1140 2365 1296 2398 Andreas
1319 2366 1534 2408 primicerius
1557 2366 1794 2405 intellexisset,
1817 2367 2041 2410 solempniter
2061 2361 2219 2414 susci-,pi¹
2263 2363 2265 2368 ’

377 2423 414 2454 in
436 2421 609 2455 communi
631 2420 800 2454 beneficio
824 2420 1094 2463 presbiterorum
1119 2426 1154 2453 et
1177 2420 1385 2452 clericorum
1409 2419 1733 2452 Mediolanensium.
1779 2420 1965 2453 Yordanus
1987 2430 2126 2464 quoque
2141 2426 2214 2454 tum
2263 2417 2266 2440 ¹

2211 2472 2221 2485 -

470 2542 509 2559 ιι.
528 2534 629 2559 XXIV.
647 2533 779 2558 Presbiter
795 2533 952 2565 Liprandus
969 2533 1000 2557 in
1017 2532 1140 2557 Pontidii
1159 2531 1317 2557 monasterio
1335 2532 1399 2557 obiit
1418 2545 1449 2550 —
1471 2539 1512 2564 ²9·
1533 2531 1618 2557 XXV.
1635 2532 1775 2563 Jordanus
1793 2531 1896 2557 stollam
1917 2531 2042 2565 papatem
2071 2544 2076 2552 ι
2103 2545 2111 2553 ν
2149 2531 2156 2538 '

379 2577 485 2602 clericos
504 2576 622 2602 exturbat
639 2577 663 2600 ct
680 2575 839 2606 hystoricum
858 2575 890 2599 ab
908 2574 1016 2600 ecclesia
1033 2575 1118 2600 sancti
1136 2574 1220 2599 Pauli
1238 2576 1347 2599 removet

468 2671 508 2690 ιο.
527 2664 646 2696 fabrica]
667 2664 779 2689 familia
795 2663 821 2688 R

467 2761 475 2777 ¹
495 2763 535 2787 La
555 2762 764 2787 Gerusalemme
784 2761 894 2790 celeste,
918 2759 979 2786 cioe
999 2762 1021 2786 il
1041 2760 1188 2787 Paradlso.
1413 2759 1423 2777 ⁴
1441 2761 1595 2785 Nell’anno
1619 2767 1685 2785 1112
1706 2759 1754 2794 (cf.
1775 2768 1802 2786 n.
1815 2767 1848 2793 32
1864 2758 1966 2794 sopra).
1993 2760 2019 2785 11
2032 2760 2108 2786 Ssssl
2122 2760 2209 2794 togu-

467 2803 478 2820 ²
496 2803 628 2830 Locallth
647 2805 691 2828 tra
710 2804 847 2835 Bergamo
867 2811 881 2827 e
900 2802 999 2828 Lecco.
1035 2803 1072 2829 Su
1093 2805 1192 2835 questo
1211 2810 1270 2828 mo·
1324 2803 1352 2827 la
1371 2803 1611 2827 contraddizione
1633 2802 1679 2827 del
1706 2803 1760 2827 due
1785 2804 1860 2835 passi
1888 2803 1916 2828 di
1944 2802 2099 2833 Landolfo.
2212 2800 2224 2832 ’,

379 2849 491 2872 nastero
512 2846 733 2880 cf.2PuslcsLu‚
753 2848 795 2878 op.
814 2846 867 2875 cit..
888 2853 936 2871 nn.
957 2845 1008 2878 316
1026 2854 1040 2870 e
1059 2853 1120 2878 331.
1324 2847 1419 2870 vando
1433 2846 1482 2870 che
1496 2847 1543 2878 qui
1556 2846 1675 2870 intende
1688 2845 1748 2870 dire
1762 2845 1860 2870 l'anno
1873 2845 2039 2878 precedente
2051 2844 2110 2871 alls
2122 2853 2170 2871 mo
2193 2843 2225 2882 '1'

465 2887 476 2905 ³
499 2890 726 2914 PAPEBRocmus
750 2889 780 2913 in
805 2888 875 2913 Acta
898 2888 988 2913 Sanct.
1014 2887 1213 2920 (Bollandisti)
1238 2889 1269 2912 in
1322 2889 1350 2912 di
1371 2887 1520 2921 Liprando
1541 2886 1633 2919 (1113)
1653 2887 1728 2912 della
1748 2888 1829 2920 quale
1849 2887 1886 2912 ha
1903 2885 1951 2920 gia
1973 2887 2096 2920 parlato.
2214 2907 2220 2922 4

377 2932 534 2964 appendice
552 2932 579 2956 al
601 2937 632 2965 27
651 2932 770 2964 gfflgno,
790 2931 865 2964 dopo
891 2931 917 2955 la
942 2932 1003 2956 vita
1029 2931 1057 2955 di
1083 2930 1269 2955 Saut'Erlem-
1410 2928 1420 2944 ⁵
1438 2930 1524 2954 Forse
1545 2929 1693 2954 Giordano
1712 2937 1801 2954 aveva
1818 2931 1930 2963 giurata
1951 2928 2055 2954 sedelta
2073 2930 2102 2955 al
2115 2923 2220 2963 ponte·v
2267 2943 2270 2950 -=

377 2974 471 3006 baldo,
486 2976 628 3007 aggiunge
646 2974 686 2999 De
702 2973 844 2999 venerabili
862 2973 1001 3006 Liprando
1013 2973 1159 3006 presbytero
1172 2973 1269 3005 confes·
1322 2973 1370 2997 fi‹e
1391 2974 1420 2997 in
1440 2973 1560 3005 segreto
1573 2979 1588 2997 e
1601 2979 1717 2997 assunse
1730 2972 1938 3004 prlvatamente
1951 2972 1973 2996 il
1986 2972 2078 3005 pallio
2090 2979 2140 3005 per
2151 2969 2221 2999 non
