2288 3476
225 1161 302 1185 Mun..
318 1166 357 1185 ⁵⁰5

241 2012 262 2029 c.
275 2006 327 2030 δον

352 2942 383 2959 10

408 362 524 404 phum,
548 361 606 404 qui
636 361 872 393 investituram
903 359 1048 392 Cumani
1079 359 1302 401 episcopatus
1324 369 1345 391 a
1367 369 1449 402 rege
1464 358 1484 397 ¹,
1509 365 1544 391 et
1575 359 1827 392 ordinationem
1851 371 1872 393 a
1901 361 2102 403 patriarcha
2131 362 2201 406 Aq-

406 415 504 447 liensi
519 414 540 453 ²,
564 423 625 446 suo
642 413 918 455 metropolitano,
935 417 1143 455 susceperat,
1161 412 1205 445 de
1222 412 1384 454 captione
1405 412 1651 445 liberaverunt.
1698 413 1770 446 Sed
1785 413 1942 452 Cumani,
1966 414 2061 447 illico
2078 415 2213 448 restitu·

408 467 687 500 Mediolanenses
710 466 925 508 expulerunt,
949 471 983 498 et
1007 475 1092 509 quos
1114 465 1318 498 invenerunt
1339 465 1493 508 jacentes
1515 466 1551 497 in
1574 466 1669 509 fuga,
1692 466 1763 499 sive
1785 466 1819 498 in
1842 467 1961 509 spoliis
1988 468 2182 507 honeratos,
2199 486 2201 489 .

409 526 516 552 morte
534 526 568 552 et
583 519 617 550 in
634 530 693 551 ore
710 519 817 562 gladii
835 519 1047 552 dimiserunt.
1093 518 1323 551 Guilicionem
1347 527 1439 558 vero,
1462 517 1681 552 Buchardum
1699 525 1733 552 et
1749 520 1946 553 Lanterium
1971 519 2117 560 Sicheri‚
2134 529 2214 565 que,¹

408 574 487 607 dam
511 583 647 616 quoque
672 583 782 604 meum
807 578 981 615 nepotem,
1004 578 1039 604 et
1062 571 1179 614 plures
1202 571 1246 605 de
1271 571 1421 615 egregiis
1448 572 1610 605 militibus
1634 579 1668 605 et
1692 572 1825 606 civibus
1854 573 2058 614 Mediolani,
2080 574 2167 608 resis
2211 597 2217 613 n

407 627 499 659 tibus
521 626 604 668 ipsis
627 625 838 670 fugantibus,
862 625 1077 659 occiderunt.

496 725 547 755 48.
573 741 613 746 -
637 722 863 756 Marchiones
885 733 968 755 vero
985 727 1019 755 et
1042 723 1185 755 comites
1207 722 1452 766 Longobardie
1476 724 1513 755 in
1530 724 1596 756 hac
1619 729 1822 766 tempestate
1846 731 2082 759 convenerunt
2103 725 2179 760 Me·
2200 753 2219 767 «Ρ
2257 734 2260 740 ·

408 777 490 816 lani,
511 782 549 809 ut
571 777 619 809 ibi
642 786 758 809 coram
781 776 956 818 episcopis
979 776 1207 819 suffraganeis
1229 782 1264 808 et
1287 776 1641 818 cumprovincialibus
1663 778 1879 820 explicarent
1901 778 2122 820 imperatoris
2142 778 2202 811 in

406 831 566 869 centiam,
590 835 625 862 et
646 830 759 872 ipsum
782 829 1024 872 imperatorem
1047 829 1283 872 producerent
1302 830 1339 861 in
1363 830 1618 873 archiepiscopi
1640 836 1674 863 et
1696 831 1936 874 episcoporum
1959 831 2207 865 benivolenti

407 883 574 926 Episcopi
595 883 723 927 itaque,
748 883 978 916 consedentes
1001 883 1037 915 in
1059 883 1189 925 palatio
1213 883 1480 922 Mediolanensi,
1503 894 1571 915 una
1594 894 1671 916 cum
1695 884 1961 927 archiepiscopo
1984 890 2100 918 atente
2122 895 2181 918 au·

405 942 484 969 runt
508 937 726 969 marchiones
748 942 783 968 et
806 937 961 974 comites,
985 935 1135 968 fideliter
1156 936 1337 979 loquentes
1360 936 1403 969 de
1428 937 1568 969 domino
1584 947 1660 975 suo;
1683 943 1828 979 propter
1850 948 1993 980 quorum
2016 937 2123 971 verba

405 990 522 1032 plures
552 989 706 1022 arbitrati
737 995 815 1022 sunt
845 990 1090 1032 imperatorem
1122 1000 1195 1022 esse
1226 990 1375 1022 alienum
1398 989 1442 1022 ab
1473 991 1841 1023 excommunicationis
1871 991 1975 1034 culpa
1986 990 2008 1024 ⁸.
2055 991 2128 1024 Sed
2157 988 2212 1030 dss

406 1043 692 1087 archiepiscopus
708 1049 743 1076 et
758 1043 914 1086 episcopi
932 1043 1171 1076 contentiones
1194 1042 1358 1076 adversus
1380 1043 1598 1076 marchiones
1614 1049 1648 1076 et
1663 1044 1819 1083 comites,
1836 1045 1942 1077 duces
1958 1050 1993 1078 et
2008 1054 2108 1089 reges
2123 1045 2171 1078 di
2186 1061 2193 1073 ·

405 1102 529 1134 tarent,
553 1097 678 1130 milites
700 1102 734 1130 et
757 1097 851 1130 cives
874 1096 1067 1130 Mediolani
1090 1097 1125 1128 in
1150 1096 1239 1128 atrio
1262 1097 1411 1130 ecclesie
1432 1096 1594 1139 jurabant
1617 1097 1734 1130 facere
1757 1107 1897 1141 gueram
1929 1096 2103 1138 Cumanis,
2126 1098 2196 1131 don
2208 1109 2223 1132 -ὶ,

406 1150 533 1184 Vicum
557 1156 592 1183 et
615 1149 830 1184 Coloniolam
845 1150 857 1167 ⁴
881 1148 1126 1188 destruerent,'
1149 1150 1324 1183 civitatem
1348 1159 1486 1193 quoque
1509 1149 1616 1192 ipsam
1640 1150 1857 1193 dissiparent.
1903 1150 1997 1183 Huic
2019 1155 2134 1183 autem
2149 1151 2177 1196 j·

404 1210 523 1238 mento
545 1207 689 1236 manus⁵
713 1203 885 1242 Widonis,
915 1202 1071 1246 episcopi
1102 1203 1348 1242 Cumanorum,
1378 1202 1522 1241 resistit;
1546 1203 1609 1236 sed
1631 1202 1817 1242 Arduinus,
1842 1203 1998 1248 ejusdem
2020 1204 2225 1247 episcopa

406 1256 606 1296 advocator,
630 1256 812 1295 consensit,
838 1262 871 1288 et
893 1262 931 1289 ut
953 1257 1065 1298 ipsum
1090 1256 1320 1299 juramentum
1353 1256 1598 1299 compleretur,
1629 1257 1773 1289 multum
1804 1257 1945 1290 studuit.
1991 1251 2224 1290 Verminam-⁵

406 1316 640 1354 utrorumque,
663 1310 797 1342 scilicet
819 1309 981 1342 Widonis
1003 1315 1039 1342 et
1061 1310 1162 1342 huius
1185 1310 1358 1348 advocati,
1381 1309 1530 1342 studium
1554 1315 1646 1342 recte
1673 1310 1744 1343 sive
1767 1320 1837 1343 non
1859 1316 1956 1343 recte
1979 1309 2106 1343 dicitur
2132 1309 2195 1343 fui
2217 1323 2220 1332 ¹

404 1363 594 1406 iniquitatis
622 1363 851 1395 seminarium.
897 1363 935 1395 In
961 1373 1029 1406 quo
1052 1363 1144 1395 enim
1173 1363 1305 1395 semine
1328 1363 1406 1406 quis
1436 1363 1556 1395 vivens
1579 1363 1668 1396 vidit
1689 1369 1741 1396 tot
1770 1364 1919 1406 pessima
1949 1363 2084 1407 opera?
2108 1363 2148 1397 In
2170 1364 2218 1396 hs

405 1418 534 1450 semine
558 1421 671 1449 castra
691 1416 797 1448 multa
819 1422 854 1449 et
873 1415 1120 1459 jocundissima
1143 1423 1178 1448 et
1200 1415 1306 1458 opida
1327 1416 1514 1448 fortissima
1538 1427 1616 1449 cum
1639 1416 1875 1449 habitantibus
1898 1422 1932 1449 et
1947 1416 2038 1450 villis
2059 1416 2130 1450 suis
2145 1421 2270 1452 uix-1

406 1470 523 1514 bique,
540 1470 604 1503 etsi
618 1481 687 1503 non
703 1480 800 1513 eque,
824 1469 1004 1502 combusta
1020 1475 1100 1502 sunt
1117 1475 1150 1502 et
1166 1469 1354 1502 destructa.
1399 1469 1515 1502 Naves
1539 1479 1676 1512 quoque
1699 1470 1806 1502 multe
1822 1476 1856 1503 et
1870 1469 2038 1503 bellicose
2061 1481 2140 1503 cum
2155 1469 2190 1503 vi

406 1530 443 1558 et
465 1523 710 1564 innumerabili
733 1522 953 1556 multitudine
977 1523 1152 1555 hominurn
1169 1522 1204 1554 in
1223 1522 1366 1554 lacubus
1388 1522 1564 1555 submerse
1586 1523 1713 1566 jacent,
1758 1523 1837 1566 Ipsa
1858 1523 1999 1556 tandem
2023 1522 2156 1562 civitas,
2176 1547 2182 1551 -
2217 1532 2222 1550 ’-

406 1582 573 1610 evacuata
596 1576 796 1615 cultoribus,
822 1575 1094 1609 lacrimabilibus
1121 1576 1253 1609 occulis
1276 1586 1372 1608 suam
1403 1576 1536 1608 ruinam
1561 1575 1701 1609 cottidie
1725 1576 1830 1609 videt.
1876 1576 1943 1610 Vel
1967 1577 2083 1619 plures
2105 1586 2212 1621 quoq·
2234 1574 2235 1578 ’

409 1631 453 1664 de
479 1631 571 1664 clero
596 1636 631 1663 et
653 1630 782 1673 populo
806 1630 910 1662 totius
934 1629 1027 1662 orbis
1057 1635 1203 1672 propter
1226 1630 1362 1662 diversa
1392 1630 1506 1662 studia
1529 1630 1680 1662 Romani
1704 1630 1877 1672 pontificis
1900 1635 1934 1663 et
1957 1630 2110 1674 ejusdem
2133 1629 2227 1675 1er¹
2269 1647 2272 1664 ξ

407 1690 442 1717 et
464 1683 612 1717 ecclesie
636 1684 766 1726 patritii.
789 1689 825 1716 et
848 1683 1010 1716 advocati
1022 1681 1045 1722 ⁶,
1068 1683 1140 1716 sive
1163 1683 1220 1725 pie
1236 1683 1308 1715 sive
1333 1693 1403 1714 non
1426 1683 1483 1725 pie
1507 1683 1668 1716 dicuntur
1693 1689 1827 1716 certare
1850 1684 1895 1716 ad
1919 1683 2107 1716 animarum
2121 1694 2222 1727 per»

406 1739 537 1771 tionem
561 1743 595 1770 et
616 1737 800 1770 maximam
824 1747 1010 1780 corporum
1034 1737 1284 1770 confusionem.
1330 1736 1406 1780 Ego
1430 1742 1554 1775 autem,
1576 1746 1708 1769 memor
1731 1737 1852 1769 horum
1875 1737 2065 1776 mallorum,
2087 1736 2166 1771 dive
2191 1752 2197 1765 ·-

406 1791 537 1824 suffero
559 1790 850 1834 perturbationes,
874 1800 944 1823 non
967 1790 1047 1833 quia
1069 1790 1194 1822 scisma
1217 1790 1339 1822 sedeat
1361 1790 1398 1821 in
1421 1789 1537 1822 animo
1560 1800 1650 1828 meo,
1666 1791 1728 1823 sed
1744 1790 1824 1832 quia
1846 1790 2058 1829 scismaticis,
2073 1800 2191 1834 usurp
2210 1808 2238 1828 ι,

406 1844 498 1878 tibus
520 1856 575 1878 res
598 1854 702 1882 meas,
726 1853 795 1877 non
819 1844 1009 1877 consentio.
1055 1843 1108 1876 De
1125 1843 1211 1886 ipsis
1229 1843 1321 1886 apud
1344 1844 1558 1882 sacerdotes,
1581 1843 1775 1886 pontifices,
1798 1843 1935 1882 milites,
1959 1844 2065 1882 cives,
2081 1843 2221 1877 consul

408 1903 443 1930 et
466 1908 568 1942 reges
590 1897 753 1942 justitiam
778 1897 911 1941 quesivi
935 1902 970 1930 et
993 1907 1112 1940 quero.

496 1995 536 2027 48
549 1995 608 2028 bis.
631 2013 674 2018 —
698 1995 814 2028 Guera
837 1994 1068 2027 Cumanorum
1083 2000 1118 2026 et
1140 1993 1456 2026 Mediolanensium
1472 1993 1630 2026 durante'
1646 2001 1748 2037 atque
1764 2004 1882 2026 eorum
1906 1994 2085 2027 consulum
2099 1999 2135 2027 et
2151 2004 2238 2037 pon„

405 2102 501 2135 sticis
524 2107 559 2134 et
581 2102 793 2134 secularibus
817 2101 900 2134 viris
923 2101 1111 2133 illustribus
1135 2101 1326 2133 consedere
1349 2101 1385 2133 in
1409 2100 1630 2133 Terdonensi
1653 2101 1791 2143 palatio.
1837 2101 1877 2133 In
1900 2111 2046 2143 quorum
2069 2107 2238 2144 mesen-j
2274 2102 2276 2117 ³

407 2155 548 2199 querele
560 2166 635 2187 mee
648 2165 785 2187 causam
803 2154 941 2197 protuli,
958 2154 1094 2186 scilicet
1109 2154 1153 2186 de
1169 2154 1295 2186 domno
1312 2153 1490 2194 Yordano,
1504 2159 1539 2186 et
1552 2154 1729 2197 querendo
1745 2154 1944 2186 introduxi
1935 2153 2076 2198 injurias
2087 2159 2124 2186 et
2133 2154 2180 2187 ho
2190 2170 2236 2188 m„
2275 2160 2277 2186 ,³

405 2209 536 2241 cidium
547 2211 570 2247 ⁸,
595 2209 688 2252 quod
709 2218 829 2241 manus
845 2207 919 2240 eius
941 2206 1028 2239 fecit
1041 2207 1078 2239 in
1093 2218 1148 2239 me
1170 2213 1250 2249 post
1266 2206 1394 2245 literas,
1418 2218 1504 2250 quas
1527 2207 1674 2240 domnus
1697 2217 1787 2250 papa
1811 2206 1968 2239 Gelasius
1990 2206 2081 2240 misit
2102 2206 2153 2239 illi
2184 2223 2192 2235 ο
2276 2236 2277 2244 ,

405 2273 470 2295 me.
516 2260 672 2300 Quarum
694 2261 888 2304 exemplum
910 2261 978 2293 hoc
993 2265 1062 2293 est:
1085 2261 1100 2278 “
1114 2261 1155 2292 G.
1171 2259 1379 2302 Episcopus,
1403 2270 1521 2293 servus
1535 2270 1713 2293 servorum
1730 2260 1805 2299 Dei,
1821 2259 2013 2293 venerabili
2034 2260 2133 2293 fratri
2149 2259 2198 2292 Y·
2233 2263 2236 2264 ’
2276 2247 2277 2258 ¹

412 2316 427 2333 ⁴⁶
439 2316 541 2354 dano,
564 2314 820 2348 Mediolanensi
836 2313 1112 2356 archiepiscopo,
1135 2313 1278 2345 salutem
1295 2318 1331 2345 et
1346 2313 1572 2356 apostolicam
1597 2312 1887 2346 benedictionem.
1935 2314 2055 2346 Frater
2069 2313 2134 2345 iste
2148 2312 2238 2346 Lan
2276 2307 2279 2341 ἒ

496 2457 538 2483 30.
557 2449 669 2475 XXXV.
687 2448 844 2480 Hystericus
862 2449 922 2474 ante
940 2447 1072 2474 Calistum
1090 2450 1192 2481 papam
1212 2447 1329 2473 Tantone
1347 2449 1372 2473 et
1388 2447 1524 2473 Placentia
1542 2447 1573 2472 de
1590 2447 1712 2479 jordano
1734 2447 1834 2478 frustra
1851 2446 2019 2480 conqueritur

498 2546 538 2572 ¹7·
556 2538 760 2572 compeleretur
775 2538 805 2562 H
823 2545 836 2563 e
853 2538 883 2562 N
889 2545 897 2568 ς
909 2537 934 2562 R
952 2537 1062 2570 (seguito
1080 2536 1126 2562 dal
1142 2537 1236 2570 sassi)
1254 2536 1289 2562 ha
1307 2537 1537 2570 compelleretur:
1558 2537 1579 2561 il
1598 2536 1696 2561 Pswrz
1714 2543 1828 2568 corregge
1847 2537 2036 2568 compleretur
2054 2549 2087 2554 —
2104 2541 2148 2567 3ο.
2189 2548 2193 2555 ¹

407 2582 431 2607 si
449 2581 462 2607 ὲ
481 2581 544 2613 tatto
563 2580 590 2606 al
607 2588 635 2606 n.
654 2587 696 2613 19,
721 2580 801 2605 anche
819 2580 866 2612 qui
891 2580 1067 2605 conserviamo
1092 2579 1198 2604 l'mata
1221 2579 1406 2604 numeratione
1424 2579 1466 2604 del
1483 2579 1580 2604 Pmuz
1603 2578 1839 2611 contrasssgnando
1860 2586 1909 2603 con
1927 2579 1971 2603 bis
1994 2577 2017 2603 il
2038 2577 2181 2610 paragrafo

409 2633 451 2658 35.
470 2624 498 2649 ΙΙ
514 2623 670 2649 rubricatam
688 2623 716 2648 di
733 2622 763 2648 H
781 2625 849 2655 pone
866 2622 897 2647 in
915 2622 1033 2655 margine
1052 2622 1217 2655 Exemplum
1236 2622 1313 2646 bulle
1333 2621 1441 2647 Gelasii
1462 2629 1534 2655 pape

498 2721 505 2738 ¹
527 2721 597 2748 Cloe
615 2722 720 2747 Enrico
738 2721 778 2746 1v
796 2719 843 2754 (cf.
861 2720 1021 2754 Exemplum
1046 2721 1170 2753 antiquae
1189 2719 1297 2745 schedae
1349 2718 1467 2745 Gelasio
1484 2720 1518 2750 Π,
1538 2720 1573 2745 da
1593 2719 1700 2753 Capua,
1720 2719 1829 2745 l’aveva
1848 2720 2045 2745 scomunicato
2072 2719 2189 2754 assieme

407 2766 438 2791 de
456 2765 545 2791 causis
562 2764 623 2790 belh·
641 2765 710 2790 inter
727 2763 944 2789 Mediolanenses
960 2765 985 2789 nt
1003 2763 1144 2789 Comenses
1161 2763 1227 2795 gesti
1241 2770 1297 2788 sae-
1351 2770 1401 2787 suo
1421 2763 1559 2796 antipapa
1579 2763 1716 2787 Bordlno.

407 2807 465 2833 culo
483 2807 555 2838 XII,
575 2814 716 2841 premesso
730 2807 757 2831 al
775 2806 817 2831 De
829 2806 893 2831 bello
911 2805 1160 2831 Mediolanensium
1173 2805 1299 2831 adversus
1441 2803 1452 2819 ⁴
1472 2805 1533 2829 Due
1552 2804 1705 2836 sobborghi
1726 2804 1755 2828 dl
1776 2803 1867 2829 Como
1886 2803 1959 2828 sulle
1984 2804 2037 2828 due
2062 2802 2172 2835 sponde
2196 2799 2246 2827 d-›3'2

408 2850 556 2879 Comenses,
576 2850 622 2874 nel
641 2851 721 2874 tomo
740 2848 774 2880 V,
793 2847 852 2873 RR.
871 2847 915 2873 ῙῙ.
933 2847 1005 2880 SS.).
1353 2847 1427 2879 lago.
1465 2846 1535 2871 Ora:
1556 2846 1719 2879 Borgovico
1739 2854 1753 2870 e
1771 2847 1864 2878 Bor-go
1883 2845 2119 2878 Sant’Agosflno.
2283 2842 2285 2854 '

496 2891 507 2909 ¹
527 2893 626 2917 Ulrico
646 2899 663 2916 o
687 2891 825 2916 Udalrlco
852 2888 1034 2924 (Valdaricus)
1060 2892 1153 2915 morto
1179 2889 1231 2914 1’11
1257 2890 1301 2914 di·
1441 2887 1451 2903 ⁵
1469 2888 1483 2913 1
1500 2889 1658 2922 partigiani
1679 2889 1707 2912 di
1729 2887 1871 2913 GuIdone.

410 2935 518 2959 cembre
541 2941 616 2959 1121.
1441 2930 1453 2947 ⁶
1471 2930 1542 2956 Cloe
1562 2931 1764 2964 l’imperatore.

496 2974 508 2992 ³
526 2976 631 3001 Enrlco
650 2983 696 3001 era
716 2977 792 3001 stato
811 2975 1008 3000 scomunicato
1027 2975 1255 3009 ripetutamente,
1268 2974 1302 2999 ed
1442 2973 1453 2990 '¹
1473 2975 1681 2999 Preclsamente
1701 2974 1723 2998 il
1741 2981 1758 3007 9
1776 2973 1867 3006 aprile
1889 2979 1965 2998 1120.

410 3019 499 3044 anche
519 3019 594 3044 nella
620 3019 714 3044 chiesa
739 3019 768 3043 dl
794 3018 881 3044 Santa
906 3018 991 3043 'reela
1016 3016 1064 3050 (cs.
1089 3024 1175 3050 sopra
1200 3025 1226 3042 n.
1246 3015 1300 3050 43).
1444 3014 1455 3032 ⁸
1474 3016 1502 3040 Sl
1525 3017 1639 3041 intende
1660 3023 1699 3040 un
1719 3016 1875 3040 assassinio
1895 3014 2014 3040 morale.
