2288 3476
0 351 20 633 ,ὣπΛ--Αω
0 305 6 312 ,

653 268 890 305 ΕΡΙΤΟΜΕ
917 267 1245 304 POLIRONESE
1796 267 1808 301 1
1822 266 1863 305 17

20 419 21 422 ,
51 397 232 430 emerent,
255 391 353 424 multi
376 397 411 424 et
433 401 540 435 regno
563 392 600 424 in
623 391 793 425 Caviliolo
816 391 972 431 adunati,
996 402 1056 424 eos
1077 391 1223 434 aggredi
1246 396 1280 423 et
1305 390 1480 423 debellare
1496 389 1722 422 contendunt.
1762 387 1868 426 Quod

79 445 208 478 ventes
230 445 430 478 Bonifacius
453 450 487 477 et
510 445 702 485 Conradus,
732 445 876 478 viriliter
899 445 1041 487 sumptis
1067 444 1170 477 armis
1193 444 1270 476 illos
1292 444 1461 476 invadunt
1482 449 1517 475 et
1539 441 1684 475 mirabili
1709 447 1870 474 conserta

18 497 154 543 higna,
178 498 318 531 tandem
348 498 464 531 hostes
487 499 558 531 cesi
589 499 766 542 fugantur,
790 504 824 531 et
847 508 988 540 campus
1018 497 1176 530 horribili
1199 503 1312 540 strage
1345 507 1535 539 cruoreque
1566 496 1674 528 multo
1698 495 1867 537 repletur:

48 557 51 563 ’
81 561 149 594 que
171 551 298 584 fratres
320 551 386 594 ipsi
408 552 557 584 victores
587 557 863 594 permanserunt.
911 550 1093 584 Conradus
1123 557 1238 587 tamen
1269 550 1303 582 in
1335 560 1377 583 eo
1408 550 1541 592 proelio
1572 549 1783 587 vulneratur,
1807 548 1867 591 qui

60 621 85 632 ι-
127 603 259 647 aliquot
282 615 402 642 annos,
426 605 516 636 mala
546 605 697 637 vulneris
723 605 840 637 habita
871 605 1060 648 diligentia,
1084 605 1240 636 ultimum
1263 604 1334 636 vite
1357 613 1440 636 suae
1464 603 1586 635 clausit
1613 602 1715 635 diem.
1760 602 1868 635 Cuius

4 673 15 687 2,
50 643 155 700 {rpus
176 657 383 690 Thedaldus
405 657 570 691 Aretinus
593 658 779 700 episcopus
794 658 816 696 ¹,
839 658 947 690 frater
971 657 1044 690 eius
1068 668 1171 699 supra
1192 657 1396 694 nominatus,
1420 657 1455 688 in
1471 655 1681 688 canusinum
1698 655 1864 698 oppidum

0 724 19 759 ,ξ
44 709 163 756 tulit,
185 715 220 742 et
242 720 319 742 cum
343 710 479 754 magnis
503 711 658 754 exequiis
673 710 854 755 sepellivit,
870 710 973 742 Anno
989 711 1173 742 humanate
1188 709 1381 743 divinitatis
1396 710 1577 742 millesimo
1593 708 1778 741 tricesimo.
1817 707 1869 740 Ibi

49 773 164 806 uoque
187 762 288 795 ambo
315 763 546 806 prenominati
575 764 758 806 pontifices
790 764 1027 796 Gothofredus
1058 763 1248 795 Brixiensis
1279 763 1472 805 episcopus,
1497 769 1531 795 et
1553 761 1756 794 Thedaldus
1777 760 1867 794 Are-

0 812 2 814 ’
44 824 128 868 jus,
151 815 338 860 Ildegarda
362 817 502 850 Attonis
525 818 661 856 coniux,
685 817 893 859 Rodulphus
916 822 951 849 et
974 817 1155 850 Conradus
1183 816 1358 849 Bonifacii
1383 816 1453 854 filii,
1471 822 1504 848 et
1519 815 1657 860 Voylia,
1681 815 1867 853 Thedaldi,

52 887 54 890 ⁴
89 869 164 903 onis
186 869 256 908 filii,
280 880 366 902 uxor
388 870 451 902 sub
474 880 542 902 uno
565 875 644 902 sunt
666 870 795 912 pariter
818 880 903 902 saxo
928 870 1082 902 contenti
1097 869 1119 902 ².

861 993 966 1027 CAP.
990 994 1034 1027 V.

269 1065 325 1098 De
346 1063 529 1107 Bom‘fact'o
552 1068 656 1108 patre
681 1065 871 1106 Mathildis,
896 1069 930 1096 et
951 1064 1099 1107 qualiter
1121 1064 1316 1097 Beatricem
1341 1064 1442 1096 duxit
1464 1075 1615 1097 uxorem.

112 1162 314 1196 Bonifacius
336 1167 463 1202 autem,
485 1162 648 1195 Conrado
670 1162 780 1194 fratre
804 1162 985 1201 defuncto,
1008 1162 1141 1204 magnis
1165 1162 1277 1194 extitit
1300 1161 1416 1194 clarus
1437 1162 1630 1194 virtutibus.
1676 1162 1745 1194 Hic
1774 1162 1866 1194 enim

0 1226 3 1235 ³
37 1233 50 1244 Ἰι
81 1215 209 1259 puerili
232 1215 348 1247 adhuc
371 1220 475 1254 etate,
498 1215 640 1258 ingenio
664 1215 772 1247 multo
797 1215 917 1257 viguit,
941 1221 975 1247 et
998 1225 1099 1246 sensu
1129 1215 1276 1247 mirifico
1299 1215 1432 1256 polluit.
1479 1215 1560 1247 Fuit
1583 1225 1721 1257 quoque
1753 1215 1867 1248 forma

36 1286 39 1296 ·
65 1278 199 1307 enema,
223 1277 371 1311 corpore
394 1268 552 1304 decorus,
575 1274 656 1300 actu
678 1268 856 1310 providus,
880 1267 1010 1300 viribus
1036 1277 1128 1305 acer,
1161 1268 1303 1309 dapsilis
1333 1268 1466 1300 cunctis
1498 1268 1667 1310 donisque
1698 1267 1866 1310 sapientie

49 1322 153 1355 lctus
182 1321 226 1354 de
257 1331 325 1364 quo
356 1321 565 1354 celebratior
595 1322 728 1354 cunctis
758 1321 941 1354 Erithraea
972 1321 1106 1365 Sybilla
1135 1321 1294 1363 preclare
1325 1321 1513 1354 vaticinata
1537 1328 1597 1353 est.
1643 1321 1751 1364 Igitur
1774 1321 1866 1353 enim

5 1410 7 1412 ,
35 1381 174 1423 turum
197 1377 329 1409 Ducem
354 1375 449 1407 cuius
472 1376 619 1408 nominis
641 1375 851 1417 principium
869 1375 933 1407 erit
957 1375 996 1407 B.
1021 1375 1081 1418 qui
1105 1374 1210 1407 dietis
1226 1381 1261 1407 et
1277 1375 1412 1408 actibus
1435 1375 1619 1419 lympidus,
1634 1386 1748 1407 rerum
1772 1375 1867 1407 locu-

34 1448 39 1457 ι
61 1439 108 1468 es,
131 1438 237 1471 opere
267 1428 444 1471 pacificus,
467 1435 501 1461 et
522 1429 557 1460 in
581 1428 701 1470 preliis
730 1428 844 1461 victor
867 1428 1000 1461 existet.
1046 1427 1175 1461 Habuit
1205 1434 1320 1460 autem
1344 1428 1435 1461 idem
1467 1428 1669 1461 Bonifacius
1699 1434 1734 1461 et
1765 1428 1866 1460 aliam

48 1476 204 1525 '-niugem
218 1481 397 1520 illustrem,
414 1482 550 1514 scilicet
565 1480 759 1514 Beatricem
776 1491 819 1513 ex
835 1481 950 1514 Gallia
965 1481 1102 1514 scilicet
1117 1482 1227 1525 regali
1250 1481 1355 1523 stirpe
1371 1482 1600 1525 progenitam,
1623 1481 1730 1513 multo
1755 1482 1866 1513 forme

32 1540 35 1561 7
67 1545 161 1574 core,
184 1539 220 1567 et
242 1535 411 1577 sapientie
426 1535 538 1567 nitore
561 1535 726 1574 dotatam,
744 1535 840 1566 cuius
855 1540 954 1577 pater
969 1534 1171 1574 Federicus,
1194 1540 1228 1567 et
1251 1542 1361 1566 mater
1375 1534 1557 1567 Mathildis
1579 1534 1777 1567 extiterunt.
1808 1534 1867 1567 Ad

96 1604 114 1616 ιι
146 1588 422 1631 desponsandam
447 1598 525 1620 cum
547 1587 750 1620 Bonifacius
765 1588 800 1619 in
817 1588 968 1620 Galliam
991 1594 1206 1630 properaret,
1230 1594 1358 1630 quanto
1374 1589 1507 1620 honore
1530 1587 1690 1630 polleret,
1714 1593 1749 1620 et
1764 1599 1866 1630 quam

32 1641 154 1684 figenti
177 1651 315 1684 quoque
338 1641 448 1684 gloria
472 1641 650 1679 emineret,
672 1646 833 1683 patenter
857 1641 1019 1674 ostendit.
1066 1640 1156 1673 Nam
1181 1642 1365 1674 comitatus
1388 1641 1635 1674 solemnissimo
1659 1641 1865 1684 principum,

30 1719 34 1722 .
76 1693 245 1727 nobilium
268 1700 358 1733 cetu,
382 1694 473 1726 inter
497 1700 614 1727 cetera
636 1705 695 1726 sue
718 1694 869 1738 insignia
894 1694 1152 1737 magnificentie
1183 1704 1349 1737 equorum
1380 1695 1527 1736 pedibus
1557 1695 1654 1727 iussit
1685 1700 1866 1738 argenteas

31 1742 112 1780 las
134 1747 273 1789 apponi.
320 1745 423 1785 Quae
439 1747 468 1779 si
485 1758 568 1780 casu
584 1747 700 1790 aliquo
711 1747 894 1786 resilirent,
911 1757 1012 1780 nemo
1036 1757 1175 1780 suorum
1198 1758 1395 1780 reasumere
1419 1747 1638 1791 dignabatur,
1654 1748 1715 1780 sed
1739 1748 1866 1790 passim

54 1812 86 1833 r
106 1810 219 1844 agros,
243 1806 278 1833 et
299 1800 451 1842 semitas,
475 1812 496 1833 a
511 1801 767 1833 transeuntibus
781 1800 999 1833 tollebantur.
1032 1800 1106 1833 Hec
1129 1801 1195 1834 sibi
1219 1801 1350 1843 oppida
1366 1807 1401 1834 et
1415 1801 1526 1839 villas,
1543 1811 1660 1833 servos
1676 1807 1711 1834 et
1725 1801 1866 1833 ancillas

44 1853 216 1887 Galliae
238 1853 393 1896 partibus
416 1854 559 1887 donavit
581 1854 617 1886 in
642 1854 768 1886 dotem.
816 1853 931 1891 Quam
956 1854 1036 1886 dum
1053 1864 1210 1887 reversus
1226 1865 1246 1886 a
1263 1854 1402 1886 Gallia’
1392 1865 1428 1886 1n
1444 1854 1693 1887 Lombardiam
1710 1855 1866 1893 duceret,

25 1901 148 1986 {pagno
171 1918 192 1939 a
213 1907 350 1939 cunctis
372 1907 550 1949 applausu,
581 1913 615 1940 et
637 1907 770 1939 honore
792 1907 988 1949 suscipitur.
1034 1906 1164 1939 Tribus
1187 1907 1362 1940 mensibus
1385 1908 1582 1950 nuptiarum
1606 1908 1779 1948 convivia,
1803 1907 1865 1939 im-

42 1960 136 1993 nsis
159 1959 421 2003 profusioribus,
451 1960 645 2004 grandique
676 1960 829 1993 omnium
852 1960 984 1993 laetitia
1015 1961 1257 2003 perdurarunt.
1304 1960 1343 1992 In
1367 1961 1492 2004 quibus
1515 1961 1685 2004 quidquid
1708 1971 1864 1993 vasorum

66 2019 95 2047 t
118 2019 262 2056 argento
283 2013 458 2052 rutilabat,
483 2019 517 2046 et
540 2024 624 2046 auro
648 2013 864 2055 splendebat.

110 2067 164 2099 Ex
186 2068 251 2099 hac
275 2066 435 2100 Beatrice
457 2067 586 2100 liberos
609 2067 739 2110 genuit,
763 2067 971 2100 Federicum
997 2067 1142 2107 scilicet,
1166 2073 1201 2100 et
1230 2067 1438 2100 Mathildam
1462 2068 1613 2101 nobilem
1637 2068 1865 2109 Comitissam,

12 2127 67 2170 ἰε
89 2130 157 2163 qua
178 2130 322 2163 presens
344 2119 490 2153 habetur
513 2120 666 2153 historia.
714 2120 786 2153 Sed
809 2121 982 2154 Federico
1006 2127 1040 2153 et
1064 2120 1225 2154 Beatrice
1250 2121 1294 2154 ab
1318 2122 1384 2153 hac
1409 2122 1487 2154 luce
1511 2121 1708 2161 subtractis,
1724 2122 1866 2154 Mathil-

28 2172 76 2206 's
99 2178 272 2216 superstes
294 2173 397 2205 unica
420 2173 508 2215 patri
531 2172 719 2206 Bonifacio
749 2174 820 2206 filia
842 2174 1019 2212 remansit,
1051 2180 1085 2207 et
1115 2175 1228 2207 heres.
1273 2174 1336 2206 Est
1365 2180 1481 2206 tamen
1512 2174 1703 2217 aliquorum
1735 2175 1863 2217 opinio,

30 2251 32 2253 v
53 2227 211 2260 enricum
234 2227 335 2259 huius
358 2226 507 2260 nominis
529 2232 688 2269 quartum
711 2227 958 2270 Imperatorem
982 2228 1175 2271 genitorem
1200 2228 1305 2260 fuisse
1321 2228 1440 2260 matris
1462 2228 1564 2261 huius
1587 2228 1769 2261 Comitisse
1793 2229 1866 2261 Ma-

22 2280 149 2318 ·ildis,
172 2280 240 2313 hoc
264 2279 570 2313 modevidelicet:
594 2280 715 2313 dicunt
738 2286 883 2313 matrem
906 2280 1099 2321 Mathildis,
1122 2280 1203 2313 dum
1227 2282 1325 2325 virgo
1349 2287 1449 2320 esset,
1472 2282 1508 2314 in
1532 2282 1689 2314 iuvenem
1714 2282 1864 2315 nobilem

23 2333 205 2371 exarsisse,
228 2343 358 2376 genere
381 2333 579 2366 Lucensem
601 2334 638 2365 in
660 2333 879 2376 imperatoris
902 2334 981 2367 aula
1005 2334 1264 2373 ministrantem,
1289 2335 1349 2377 qui
1366 2335 1507 2367 tandem
1524 2335 1626 2372 hanc,
1650 2335 1866 2377 imperatoris

31 2391 47 2414 Ἰ
57 2386 90 2418 ia
113 2386 252 2430 cognita
276 2386 459 2419 commissa
482 2387 618 2425 timens,
643 2397 720 2419 cum
737 2398 779 2419 ea
794 2387 892 2427 abiit,
909 2393 944 2420 et
960 2387 1020 2420 diu
1037 2388 1175 2420 latitans
1191 2388 1330 2430 inopem
1346 2388 1451 2420 vitam
1469 2389 1577 2421 duxit.
1608 2389 1769 2420 Tandem
1787 2399 1864 2420 cum

19 2441 50 2467 ιί
81 2439 258 2472 civitatem
282 2439 455 2482 quandam
478 2439 667 2482 imperator
690 2440 850 2480 venisset,
874 2440 910 2472 in
933 2441 1032 2473 cuius
1056 2441 1259 2483 episcopatu
1288 2441 1424 2484 juvenis
1448 2442 1505 2473 ille
1538 2452 1615 2473 cum
1646 2441 1863 2482 imperatoris

26 2492 47 2535 '31
57 2491 91 2524 ia
107 2492 272 2531 latitabat,
296 2492 430 2526 iuvenis
454 2492 512 2525 ille
527 2503 600 2525 rem
616 2493 752 2535 aperuit
775 2494 939 2537 episcopo
964 2494 1126 2527 civitatis.
1142 2494 1206 2527 Ille
1223 2500 1337 2527 autem
1360 2495 1559 2537 imperatori
1583 2495 1749 2527 narravit:
1768 2496 1866 2539 cujus

21 2541 25 2547 ’
64 2545 182 2578 ecibus
204 2545 306 2579 venia
328 2545 506 2588 promissa,
530 2552 712 2589 utrumque
735 2547 870 2589 recepit
894 2547 938 2579 ad
960 2547 1117 2591 gratiam.
1164 2547 1256 2580 Huic
1279 2547 1397 2580 iuveni
1420 2558 1544 2580 nomen
1561 2554 1635 2581 erat
1651 2548 1863 2588 Bonifacius,

14 2594 78 2675 §ui
101 2609 146 2630 ex
169 2598 388 2641 imperatoris
410 2598 480 2631 filia
502 2600 595 2631 hanc
618 2599 742 2642 genuit
770 2599 1002 2639 Comiflssam,
1027 2610 1113 2643 quos
1143 2601 1332 2643 imperator
1356 2601 1449 2633 auxit
1480 2611 1526 2634 ex
1556 2601 1692 2643 imperii
1722 2601 1862 2644 viribus,

91 2651 198 2684 multa
220 2651 457 2685 concedens&

106 2789 116 2807 ¹
135 2789 243 2819 Questo
262 2790 360 2816 ufficio
379 2791 533 2816 attribuito
552 2798 569 2816 a
587 2790 715 2817 Tedaldo
734 2800 748 2816 e
768 2792 910 2818 un'errata
965 2792 979 2818 ὲ
998 2793 1079 2826 figlio
1098 2794 1126 2818 di
1147 2793 1236 2824 Azzo,
1254 2801 1270 2818 e
1283 2793 1411 2819 Coi-rado
1431 2785 1636 2825 frate110Jnon
1657 2794 1747 2827 figlio,
1763 2795 1791 2820 di
1806 2795 1861 2819 Bo-

50 2833 259 2867 terpretazlone
278 2833 348 2858 dell’
348 2834 480 2866 egregius
497 2834 598 2867 frater
623 2834 653 2859 di
677 2835 722 2865 D,
747 2835 797 2860 che
819 2843 868 2868 per
887 2835 909 2859 ll
966 2836 1085 2860 nifacio.

15 2875 148 2911 bntesto
165 2874 180 2901 ὲ
199 2876 299 2900 invece
318 2877 509 2901 chiffl-amente
527 2876 689 2902 Bonifacio.
1050 2877 1062 2894 ³
1079 2878 1112 2902 In
1133 2878 1168 2903 P'
1187 2879 1216 2903 vi
1229 2877 1244 2904 ὲ
1256 2881 1356 2911 questa
1375 2879 1510 2912 postilla:
1531 2881 1607 2904 certo
1627 2879 1656 2903 di
1671 2887 1709 2904 un
1729 2887 1859 2910 monaco,
1891 2888 1923 2906 ιο

37 2961 132 2985 escovi
152 2962 261 2985 mentre
279 2960 322 2992 D.
337 2961 399 2985 dice
413 2961 642 2985 chiaramente“
656 2962 807 2993 pontifices
827 2963 909 2987 ambo
965 2962 1117 2994 “hystoria
1137 2962 1193 2987 fuit
1213 2962 1393 2988 Mirandulae
1407 2971 1423 2988 a
1443 2971 1499 2996 quo
1519 2964 1604 2988 etiam
1624 2964 1742 2996 opidum
1761 2965 1858 2990 hocin

12 2909 38 3033 Ξ
105 2915 116 2934 ²
135 2917 258 2943 Curioso
277 2925 371 2942 errore
390 2918 420 2943 dl
439 2918 484 2943 sar
501 2919 607 2952 sepoltl
625 2927 642 2943 a
667 2918 794 2944 Canossa
821 2921 829 2943 i
856 2920 909 2944 due
962 2920 1141 2953 polironese=
1161 2920 1188 2944 la
1209 2928 1293 2945 mano
1307 2919 1321 2945 ὲ
1335 2921 1412 2953 degli
1425 2921 1498 2945 inlzi
1519 2921 1564 2945 del
1585 2927 1653 2952 500:
1676 2921 1795 2947 “Falsoe
1809 2922 1859 2947 hec

44 3004 109 3026 sunt
126 3001 130 3033 Ι
146 3008 163 3026 a
181 3004 294 3035 patrum
320 3003 418 3034 procul
445 3004 553 3034 antro„
565 3012 570 3027 :
597 3004 703 3027 inoltre
728 3011 828 3028 manca
851 3004 908 3028 nel·
965 3003 1122 3037 “proximo
1147 3005 1272 3038 positum
1299 3007 1490 3038 nuncupatur.
1528 3005 1598 3030 Nam
1626 3007 1655 3030 in
1683 3008 1857 3032 monasterio

15 3029 138 3077 &elerico
152 3043 281 3069 Tedaldo
301 3045 451 3076 marchese‚
464 3045 514 3069 che
529 3045 563 3070 D.
579 3045 701 3074 ricorda;
715 3044 844 3070 Rodolfo
858 3047 909 3079 pol
965 3045 1056 3071 “sunt
1068 3047 1160 3072 multa
1179 3048 1347 3072 documenta
1367 3047 1396 3073 in
1418 3049 1594 3074 contrarium
1615 3048 1786 3081 facientia„.

10 3077 34 3123 „2
