2288 3476
59 691 75 786 ,
392 728 483 780 ΙΝ
535 726 1072 782 DONIZONIS
1125 726 1466 781 POEMA

600 860 662 896 De
698 860 786 896 Vita
820 859 1029 896 comitissae
1055 860 1258 896 Mathildis

197 976 568 1014 PRAEFATIO
606 976 923 1012 LUDOVICI
960 975 1243 1012 ΑΝΤΟΝΙΙ
1279 976 1656 1014 MURATORII

279 1214 344 1232 mm
363 1206 475 1233 Christi
498 1206 565 1239 1046
584 1215 619 1232 ex
638 1207 791 1232 Bonisacio
809 1207 898 1238 Duce,
917 1208 945 1232 et
963 1207 1130 1232 Max-chione
1155 1206 1284 1236 Tusciae,
1310 1208 1394 1239 atque
1419 1214 1455 1231 ex
1480 1207 1608 1232 Beatrice
1634 1207 1852 1240 Lotharingics,

291 1258 359 1282 nata
377 1258 420 1282 est
440 1257 549 1290 inclyta
567 1256 703 1290 Princeps
722 1257 879 1282 Comitissa
897 1256 1063 1286 Mathildls;
1083 1255 1171 1281 Anno
1187 1258 1280 1281 autem
1302 1263 1368 1290 1115
1382 1264 1397 1281 e
1410 1257 1486 1281 vivis
1500 1257 1621 1282 sublata.
1657 1256 1776 1281 Femina
1788 1263 1852 1281 cum

290 1306 381 1331 animi
400 1306 566 1335 virtutibus,
584 1307 645 1331 tum
664 1306 746 1331 rebus
765 1307 862 1339 gestis,
881 1313 912 1331 ac
931 1305 1124 1338 amplitudine
1143 1305 1289 1330 ditionum
1309 1305 1499 1336 celeberrima,
1517 1307 1601 1337 atque
1612 1306 1724 1337 Italiae,
1743 1313 1775 1330 ac
1790 1306 1852 1330 aevi

290 1355 335 1380 sui
354 1355 567 1380 nobilissimum
587 1355 681 1380 decus.
717 1355 786 1389 Ejus
812 1355 909 1379 Vitam
934 1361 969 1379 ex
995 1355 1125 1388 professo
1150 1355 1245 1379 literis
1269 1356 1477 1388 consignarunt
1503 1355 1673 1380 Benedictus
1697 1354 1854 1384 Luchinus,

290 1404 460 1430 Dominicus
478 1404 624 1434 Memmia,
643 1404 726 1429 Felix
746 1403 943 1434 Contelorius,
962 1405 990 1428 et
1004 1403 1099 1436 Julius
1118 1404 1152 1428 de
1170 1403 1269 1428 Puteo.
1306 1404 1347 1428 At
1366 1405 1516 1437 praecipue
1535 1404 1608 1428 hanc
1627 1404 1772 1429 Historiae
1791 1411 1854 1436 par-

69 1440 261 1479 ¹exornnrunt
279 1453 343 1478 Viri
362 1453 417 1478 duo
436 1460 496 1478 non
515 1454 611 1478 minus
629 1453 802 1482 eruditione,
822 1460 906 1485 quam
923 1453 1034 1486 judicio
1053 1453 1170 1477 subacto
1191 1452 1364 1482 Clarissimi,
1384 1460 1483 1485 nempe
1495 1452 1665 1478 Franciscus
1677 1452 1769 1477 Maria
1787 1452 1854 1477 Flo-

62 1501 78 1533 ζ·
95 1503 154 1528 lus
172 1504 204 1527 in
223 1502 418 1527 Monumentis
437 1502 610 1528 Comitissae
628 1502 778 1527 Mathiidis
796 1502 896 1527 Itallce
915 1502 1040 1534 scriptis,
1061 1503 1089 1526 et
1108 1502 1278 1526 Benedictus
1296 1502 1467 1527 Bacchinius
1479 1502 1576 1527 Sancti
1589 1501 1667 1527 Petri
1680 1501 1854 1527 Mutinensis

67 1566 69 1570 v
99 1571 101 1573 -
125 1550 244 1577 Ordinis
264 1550 438 1581 Casinensis,
456 1552 489 1576 in
502 1551 632 1577 Historia
645 1551 747 1577 Italica
759 1551 930 1577 Monasterii
944 1551 1190 1576 Padolironensis.
1215 1550 1344 1584 Singulis
1357 1553 1451 1576 tamen
1465 1551 1543 1576 hisce
1556 1550 1751 1584 Scriptorlbus
1765 1551 1855 1576 facem

67 1613 81 1634 ,⁸
99 1611 103 1621 ›
122 1601 156 1632 it,
175 1601 234 1626 imo
252 1601 386 1634 pleraque
405 1608 439 1625 ex
458 1602 546 1634 gestis
565 1599 739 1626 ComItissae
758 1600 910 1626 Mathildis
929 1599 1128 1633 suppeditavit
1147 1607 1220 1625 unus
1239 1600 1364 1632 DonIzo,
1384 1602 1433 1633 qui
1453 1602 1481 1625 et
1500 1607 1631 1632 praesens
1650 1599 1735 1630 vidit,
1748 1600 1776 1625 et
1795 1607 1854 1624 ver-

95 1650 249 1684 ·expressit
267 1649 412 1683 praeclara
433 1650 609 1675 fortissimae
628 1650 708 1674 illius
728 1650 856 1674 mulieris
875 1651 946 1674 acta.
983 1649 1067 1674 Certe
1080 1649 1105 1673 sl
1118 1650 1239 1681 tempus,
1252 1650 1295 1674 uti
1309 1650 1354 1674 tot
1373 1649 1457 1679 alios,
1476 1650 1551 1674 hunc
1563 1649 1650 1674 etlam
1665 1649 1748 1674 nobls
1760 1648 1855 1682 Scrip-

49 1685 95 1739 '5¹'
120 1698 283 1733 eripuisset,
302 1699 434 1724 mutilam
454 1699 556 1728 minus,
576 1707 608 1724 ac
627 1707 686 1724 non
705 1699 816 1724 levibus
835 1698 959 1724 tenebris
978 1699 1102 1723 obsitam
1120 1698 1286 1722 haberemus
1309 1698 1469 1728 Mathildis,
1495 1700 1610 1732 ejusque
1635 1698 1855 1731 Progenltorum

75 1739 85 1742 ,
117 1749 182 1774 iam.
218 1747 448 1781 Progenitorum‚
468 1749 593 1780 inquam,
614 1755 678 1772 nam
697 1749 725 1773 et
738 1748 774 1773 ab
786 1748 832 1773 his
850 1755 928 1773 suam
949 1748 999 1772 ille
1019 1749 1213 1773 narrationem
1232 1748 1389 1779 exorditur,
1410 1749 1438 1773 et
1457 1748 1490 1772 de
1510 1749 1547 1772 iis
1566 1747 1656 1772 multa
1674 1747 1767 1779 habet,
1785 1754 1856 1779 quae

48 1791 50 1793 ¹
68 1790 69 1793 Ἴ
86 1797 210 1823 <frustra
227 1797 472 1830 eonquirerentur.
509 1797 584 1822 Rudl
605 1805 680 1827 sane,
700 1799 785 1830 atque
803 1798 1000 1830 incomposito
1019 1798 1099 1829 stilo,
1118 1799 1146 1822 et
1165 1797 1249 1822 Poesi
1268 1798 1347 1822 omni
1367 1797 1482 1830 poetico
1508 1797 1604 1822 colore
1629 1797 1776 1826 destituta,
1798 1803 1856 1821 rem

74 1849 87 1881 ζ(
99 1844 163 1872 'mm
181 1847 300 1880 peregit,
320 1848 352 1872 ut
370 1846 560 1879 proculdubio
578 1847 731 1872 barbarum
748 1846 933 1880 Scrlptorem,
951 1854 984 1871 ac
1004 1847 1135 1878 ferreum,
1154 1848 1294 1872 continuo
1320 1846 1432 1871 clames.
1468 1847 1572 1871 Verum
1597 1845 1673 1879 quod
1699 1845 1747 1871 iili
1772 1845 1857 1870 inele-

34 1916 36 1920 ,
58 1925 61 1933 1
80 1928 81 1931 ¹
97 1902 116 1921 a.
133 1895 193 1921 stili
213 1895 313 1926 defuit,
333 1897 466 1922 veritatis
486 1903 573 1926 amor.
591 1897 620 1921 et
639 1896 777 1928 quaedam
797 1897 972 1921 sinceritatis
992 1897 1087 1929 imago
1113 1896 1183 1921 satis
1208 1896 1363 1929 supplevit.
1399 1896 1528 1927 Accedit,
1552 1896 1628 1928 quod
1654 1902 1760 1926 eorum,
1785 1902 1856 1927 quae

67 1972 80 1981 ,
129 1944 283 1970 Mathndis
302 1946 395 1971 aetate
414 1947 537 1978 peracta,
555 1946 584 1970 et
602 1946 684 1970 testis
703 1945 766 1978 ipse
785 1946 848 1970 suit.
886 1945 967 1977 Nam,
988 1947 1019 1970 ut
1039 1946 1160 1976 mittam,
1181 1945 1269 1978 vulgo
1283 1945 1368 1975 credi,
1383 1946 1475 1979 ipsum
1488 1943 1639 1978 Capeliani
1654 1952 1769 1969 munere
1780 1944 1857 1977 apud

122 2007 127 2016 ·
161 1994 348 2021 eomitissam
368 1995 506 2024 functum,
525 1995 602 2027 quod
621 1995 724 2027 quibus
741 1995 849 2020 tabulis
869 1995 1029 2025 affirmetur,
1047 2002 1107 2020 non
1127 1995 1221 2024 video,
1235 1995 1294 2019 imo
1307 1995 1393 2019 etiam
1407 1994 1511 2019 falsum
1523 1994 1658 2024 arbitror,
1671 1994 1745 2019 certe
1758 1994 1782 2019 is
1796 1994 1859 2027 ipss

35 2039 36 2047 ¹
74 2037 134 2069 *ute
150 2043 219 2069 haec
237 2045 364 2077 scripsit,
384 2045 413 2069 et
431 2051 524 2069 rerum
542 2051 648 2077 gnarus
667 2051 727 2069 esse
745 2044 852 2076 potuit,
871 2044 976 2077 quippe
995 2044 1153 2077 proximus,
1171 2046 1199 2069 et
1224 2050 1305 2068 carus
1329 2043 1474 2069 Mathildl.
1511 2043 1668 2068 Canusium
1693 2050 1771 2072 vero,
1795 2043 1858 2068 sive

50 2095 51 2098 ’
70 2092 76 2130 η’
89 2107 92 2113 =
107 2100 175 2118 sam
194 2099 294 2126 nempe
314 2093 513 2123 fortissimum,
532 2100 563 2118 ac
583 2093 797 2118 celeberrimum
816 2093 890 2117 illud
914 2093 1066 2126 Regiensis
1090 2094 1151 2125 agri
1172 2092 1315 2123 Castrum,
1340 2093 1416 2125 quod
1442 2100 1538 2118 carum
1563 2099 1630 2125 prae
1649 2092 1770 2125 reliquis
1795 2100 1857 2117 cum

47 2139 49 2141 ’
80 2136 83 2142 “
97 2141 265 2173 eomitissa,
283 2144 343 2167 tum
362 2142 444 2167 iilius
462 2142 586 2176 Majores
604 2142 772 2171 habuerunt,
791 2142 908 2167 Donizo
927 2143 1024 2167 noster
1043 2142 1147 2174 ubique
1172 2143 1317 2172 memorat,
1342 2142 1447 2174 ubique
1472 2142 1578 2171 iaudat.
1604 2142 1662 2166 imo
1686 2143 1715 2166 et
1739 2141 1859 2174 loquens

68 2185 86 2216 'Q
116 2190 244 2222 exhibet3
264 2191 304 2216 ibi
323 2191 400 2216 enim
419 2191 537 2216 Donlzo
554 2192 611 2225 jam
626 2195 680 2222 per
697 2191 809 2224 quinque
828 2192 916 2216 lustra
934 2191 1087 2222 habitarat,
1106 2198 1192 2223 quum
1210 2191 1277 2215 haec
1297 2191 1475 2216 contexenda
1495 2191 1605 2216 sumsit.

79 2228 81 2230 .
104 2239 211 2265 Poema
228 2241 323 2266 autem
340 2247 430 2272 suum,
449 2241 567 2265 vivente
585 2241 648 2273 ipsa
667 2239 816 2270 Mathllde,
835 2241 1023 2265 contexuerat
1040 2240 1165 2270 Donizo,
1183 2241 1264 2272 eique
1283 2239 1379 2265 dicare
1405 2241 1558 2270 statuerat3
1584 2247 1670 2272 quum
1695 2247 1758 2265 ecce
1784 2246 1859 2264 mors

53 2325 55 2331 A
101 2296 177 2314 mam
194 2289 360 2322 Principem
378 2297 393 2314 e
413 2290 489 2314 vivis
508 2290 609 2314 aufert.
646 2290 721 2314 Hinc
741 2289 869 2314 additum
887 2296 905 2314 a
923 2290 1012 2314 Poeta
1031 2291 1204 2322 postremum
1223 2287 1318 2322 Caput
1337 2289 1424 2322 Operi
1445 2296 1496 2314 suo
1515 2289 1549 2313 de
1566 2289 1671 2322 insigni
1681 2289 1752 2314 ohim
1771 2297 1862 2313 memo-

57 2375 60 2378 *
88 2344 91 2349 ’
139 2338 297 2364 Comatissae
315 2338 474 2369 Mathildis3
494 2340 646 2372 postquam
665 2338 782 2363 Librum
796 2339 891 2371 ipsum
904 2339 1082 2363 concluserat
1102 2337 1205 2371 Capite
1218 2338 1406 2371 praecedenti,
1420 2338 1499 2371 eujus
1512 2339 1555 2363 est
1567 2337 1685 2362 titulus·
1703 2337 1780 2368 Quod
1791 2346 1860 2370 erga

91 2388 190 2413 cultum
207 2389 260 2412 ete.
296 2387 330 2412 In
348 2388 403 2413 hoc
429 2389 519 2421 igitur
544 2388 701 2421 penultimo
726 2387 829 2420 CapIte
853 2387 940 2420 (quod
965 2388 1051 2420 pauci
1077 2387 1199 2412 fortasse
1223 2388 1277 2412 huc
1302 2394 1390 2420 usque
1416 2385 1692 2419 animadverterunt)
1718 2388 1860 2420 expressit

51 2466 70 2474 .ss
120 2443 200 2471 ·per
218 2436 429 2469 Acrostichum,
449 2437 503 2462 hoc
521 2438 564 2462 est
583 2437 677 2462 literis
696 2437 862 2462 initialibus
880 2444 1020 2466 versuum,
1041 2443 1153 2468 nomen,
1172 2444 1204 2461 ac
1223 2436 1347 2462 officium
1367 2443 1456 2466 suum,
1474 2436 1521 2461 his
1539 2436 1627 2461 etiam
1646 2436 1740 2461 verbis
1758 2435 1859 2461 Lecto-

39 2489 40 2498 *
77 2512 80 2516 ,
98 2485 134 2511 de
150 2485 204 2511 hoe
223 2486 287 2518 ipso
306 2492 434 2511 monens.

52 2566 55 2589 ς
90 2556 92 2558 ,
587 2535 708 2569 Officium
727 2535 832 2561 dictant
849 2538 966 2560 nostrum
984 2538 1071 2560 metra
1091 2543 1181 2560 nomen
1201 2538 1228 2559 et
1245 2535 1307 2560 ista.

52 2609 62 2638 ἓ.
79 2635 83 2659 1
104 2616 149 2644 lta
168 2625 198 2644 se
215 2618 301 2644 habet
319 2619 507 2645 Acroatichus
527 2619 579 2644 1112

55 2671 59 2681 ι
534 2695 682 2727 Presbyter
699 2695 765 2720 hunc
783 2694 895 2720 Librum
906 2695 996 2728 fincit,
1018 2695 1212 2727 Monachusque
1230 2695 1342 2720 Donizo.

54 2771 164 2802 ι,’ΠΙ)1
174 2775 259 2809 finctt
277 2774 352 2800 idem
370 2776 421 2807 est,
441 2781 473 2799 ac
485 2774 576 2808 finxit,
597 2782 682 2807 quum
701 2781 806 2800 nomen
828 2775 931 2800 Christi
947 2782 997 2807 per
1015 2775 1260 2800 abbreviationem
1279 2775 1358 2800 XPI
1364 2775 1534 2808 scripsisset.
1557 2774 1648 2800 Simul
1662 2776 1756 2800 autem
1767 2782 1803 2801 ex
1815 2775 1861 2801 his

56 2819 57 2822 ’
83 2820 97 2841 ³¹
123 2830 175 2854 ss,
193 2830 280 2856 quare
298 2824 462 2849 Dom‘zonem
480 2830 532 2856 ego
551 2823 695 2857 appellare
715 2823 821 2854 malim,
840 2831 923 2856 quam
943 2824 1141 2854 Domnu‘aeonem,
1160 2825 1192 2849 ut
1211 2824 1314 2857 reliqui
1335 2824 1455 2849 faciunt.
1491 2823 1622 2849 Alterum
1641 2831 1752 2857 quoque
1776 2825 1862 2850 Acro-

94 2878 142 2912 qm
162 2872 245 2898 nobis
264 2873 382 2906 reliquit
398 2873 445 2898 hic
464 2872 594 2906 Scriptor
612 2872 644 2897 in
663 2871 798 2905 Prologo.
817 2880 852 2897 ex
871 2873 951 2906 cujus
971 2872 1135 2898 initialibus
1154 2873 1248 2898 literis
1268 2872 1458 2898 conficiuntur
1477 2873 1508 2898 hi
1526 2873 1584 2898 duo
1603 2880 1709 2898 versus.

654 2948 729 2973 Filia
747 2948 894 2973 Mathilds's
912 2947 1061 2981 Bemefact'i,
1082 2948 1230 2980 Beatricae‘s,

585 2997 664 3022 Nunc
682 2997 793 3023 Ancilla
812 2997 876 3027 Dei,
896 2997 972 3023 Filia
991 2998 1077 3030 digna
1096 2997 1186 3022 Petri.
