2288 3476
761 251 995 288 EPITOME
1023 251 1355 289 POLIRONESE

132 376 167 410 in
190 386 259 420 quo
283 376 360 410 loco
382 376 489 409 fuerit
510 375 677 408 tumulata
690 374 711 410 ¹.
757 373 887 406 Verum
914 380 1027 406 tamen
1051 374 1263 407 mausoleum
1294 374 1487 407 ostenditur
1509 373 1545 405 in
1576 373 1783 406 monasterio
1807 372 1843 405 S.
1866 372 1977 404 Bene-

75 426 79 438 *
132 430 217 463 dicti
239 430 284 463 de
307 429 519 463 Padolirone
541 428 731 461 Mantuane
755 427 906 460 diocesis
929 438 949 459 a
972 428 1122 470 quodam
1138 427 1298 461 Tedaldo
1321 427 1496 460 Bonifacii
1519 433 1617 469 patre
1639 426 1807 470 genitoris
1822 425 1977 458 eiusdem

39 481 51 494 '¹
70 478 84 514 s*
131 482 326 522 comitisse,
349 482 445 515 iuxta
469 481 602 515 Padum
625 481 783 520 fundato,
806 481 900 523 quod
917 490 937 512 a
953 479 1095 513 Mantua
1112 481 1233 513 decem
1250 480 1416 512 milliariis
1432 479 1547 517 distat,
1563 479 1600 512 in
1617 490 1685 523 quo
1710 479 1836 512 dicitur
1852 485 1886 512 et
1903 489 1976 511 cre-

86 543 87 546 ’
133 535 228 569 ditur
249 534 426 569 tumulata.
472 535 534 567 Est
557 534 650 567 enim
672 533 812 577 grandis
834 533 942 565 archa
965 532 1113 575 lapidea,
1130 544 1174 566 ex
1191 533 1436 566 candidissimo
1461 544 1502 566 ac
1518 532 1759 575 limpidissimo
1781 531 1978 570 allabastro‚

75 586 111 622 ’5
135 599 203 633 que
233 588 279 621 ob
308 588 380 622 eius
409 588 608 621 memoriam
641 587 678 619 in
707 597 832 630 magna
862 587 1056 619 reverentia
1086 593 1248 619 servatur.

1297 587 1411 630 Ipsum
1446 586 1586 630 quidem
1623 585 1806 619 cenobium
1837 585 1881 618 ab
1912 596 1978 618 avo

87 644 90 646 '
134 642 209 675 eius
231 647 479 681 constructum,
502 640 720 684 amplissimis
744 640 876 673 dotavit
898 639 1181 681 possessionibus,
1207 646 1242 672 et
1265 639 1380 672 aureis
1410 640 1654 684 argenteisque
1679 639 1770 672 vasis
1793 645 1829 672 et
1850 638 1978 681 palliis,

78 695 95 737 ’ζ
133 705 178 729 ac
201 695 305 728 etiam
327 694 537 737 paramentis
559 693 817 736 pretiosissimis
839 692 962 724 ditavit
990 692 1189 736 pariterque
1222 692 1411 726 decoravit.

36 766 37 771 =
84 774 86 781 ,
133 748 171 781 in
192 747 362 781 thesauris
383 747 585 780 reconditus
607 752 751 790 argento
774 745 956 778 redimitus
973 750 1008 777 et
1023 755 1118 784 auro,
1135 745 1170 777 in
1186 756 1254 789 quo
1278 745 1366 778 haec
1382 745 1548 790 Hystoria
1563 746 1708 778 metrice
1725 751 1777 778 est
1793 744 1978 788 descripta.

1457 693 1510 725 Ibi
1540 693 1644 725 etiam
1675 692 1810 726 libellus
1832 691 1979 724 habetur

133 801 211 834 Hec
241 801 345 834 etiam
375 800 569 838 Comstissa,
591 806 630 832 ut
660 798 823 832 scribitur
845 798 881 830 in
904 797 1076 836 cronicis,
1100 808 1177 830 cum
1202 798 1419 840 amplissimis
1451 799 1670 832 habundaret
1699 798 1980 842 possessionibus,

74 850 115 889 1²0
137 859 173 887 et
194 853 264 887 filio
287 853 419 887 herede
442 859 588 894 careret,
617 858 727 886 totum
750 851 992 894 patrimonium
1014 862 1111 883 suum
1143 862 1245 894 super
1274 851 1383 884 altare
1413 852 1533 885 Sancti
1560 851 1652 885 Petri
1685 852 1819 894 obtulit,
1851 857 1887 884 et
1913 852 1980 884 Dei

82 907 91 930 ²
133 907 330 940 Ecclesiam
353 912 580 950 sanctumque
602 905 743 939 Petrum
765 904 830 937 sibi
854 905 939 938 fecit
961 905 1138 937 heredem.
1184 905 1291 944 Quod
1314 905 1557 947 patrimonium
1581 906 1685 938 hodie
1717 905 1848 938 dicitur
1871 905 1982 938 Patri-

80 955 90 1006 ζ’
136 960 288 993 monium
310 959 345 993 S.
370 959 478 999 Petri,
501 959 594 1003 quod
617 964 670 992 est
693 969 713 991 a
734 958 959 991 Radicofano
982 968 1090 1001 usque
1114 957 1342 1001 Ceperanum.

503 1047 682 1080 Exmcm-
705 1046 890 1080 Hmoms
913 1055 1143 1079 MEMORANDE
1165 1046 1361 1079 comm-xsss
1383 1047 1604 1079 MATmLmS.

224 1190 329 1224 Anno
351 1191 454 1223 Dom.
477 1188 740 1223 MCCCCXLV
757 1189 813 1221 die
828 1198 869 1221 rx
885 1188 1012 1222 mensis
1027 1188 1186 1232 Augusti,
1203 1189 1262 1232 qui
1279 1194 1331 1220 est
1347 1188 1465 1232 vigilia
1481 1189 1515 1222 S.
1533 1189 1712 1222 Laurentii
1728 1195 1805 1231 post
1820 1199 1982 1233 vesperas

74 1242 113 1277 5
135 1244 336 1278 translatum
366 1244 448 1276 olim
478 1253 605 1286 corpus
635 1252 759 1286 magne
784 1248 818 1274 et
842 1241 1055 1275 nobilissime
1085 1241 1266 1275 Comitisse
1297 1241 1488 1280 Mathildis,
1520 1242 1707 1284 imperialis
1737 1243 1884 1286 generis,
1915 1253 1982 1285 que

135 1297 206 1331 fuit
219 1297 409 1340 praecipua
433 1301 469 1328 et
490 1296 674 1340 singularis
698 1295 851 1328 dotatrix
866 1294 969 1327 huius
984 1294 1183 1327 monasterii
1201 1294 1237 1328 S.
1253 1295 1438 1327 Benedicti
1455 1295 1499 1327 de
1515 1295 1737 1334 Padolirone,
1753 1301 1829 1337 post
1845 1294 1982 1328 Patrem

138 1361 236 1384 suum
259 1349 478 1383 Bonifacium
501 1348 756 1386 Marchionem,
781 1354 815 1381 et
837 1354 916 1391 post
940 1359 1040 1380 avum
1063 1358 1160 1380 suum
1184 1347 1404 1380 Thedaldum
1436 1346 1680 1380 Marchionem
1705 1354 1739 1380 et
1762 1349 1982 1381 fundatorem

138 1403 245 1447 ipsius
275 1403 483 1442 monasterii,
513 1402 610 1445 quod
633 1402 728 1444 prius
750 1407 893 1434 steterat
922 1411 1026 1444 super
1055 1406 1136 1434 octo
1161 1401 1338 1434 columnas
1361 1401 1398 1432 in
1422 1401 1579 1445 ingressu
1610 1401 1759 1434 ecclesie
1791 1412 1810 1434 a
1841 1402 1985 1434 sinistris

138 1457 229 1490 inter
251 1456 397 1500 primam
429 1455 622 1489 columnam
647 1461 681 1487 et
710 1455 897 1493 secundam
928 1454 1034 1497 ipsius
1066 1454 1226 1492 ecclesie,
1257 1454 1419 1498 quoniam
1451 1454 1518 1486 iam
1541 1465 1605 1496 pro
1635 1464 1759 1497 magna
1783 1461 1879 1497 parte
1911 1455 1984 1497 ipse

139 1573 183 1596 ex
205 1563 311 1596 latere
332 1563 450 1596 tumbe
472 1562 508 1595 S;
533 1562 726 1606 Symeonis.

64 1501 118 1544 '2'0
140 1510 300 1544 columne
325 1517 404 1543 octo
435 1510 546 1542 fracte
577 1514 692 1546 erant3
717 1514 752 1541 et
782 1507 990 1541 collocatum
1014 1507 1082 1540 fuit
1112 1507 1256 1540 ulterius
1284 1508 1323 1539 in
1345 1507 1491 1540 sinistris
1522 1507 1616 1540 iuxta
1639 1508 1805 1550 parietem
1838 1508 1986 1541 ecclesie

772 1561 905 1604 Aperto
929 1563 1023 1604 prius
1045 1562 1176 1594 tumulo
1193 1561 1238 1594 ad
1262 1561 1548 1594 certificationem
1570 1561 1725 1594 veritatis
1748 1571 1864 1593 coram
1887 1572 1985 1595 reve-

137 1617 248 1650 rendo
271 1616 412 1649 domino
435 1615 596 1649 Guidone
620 1615 664 1647 de
689 1615 855 1658 Gonzaga
884 1614 1124 1647 reedificatore
1147 1614 1254 1657 ipsius
1285 1614 1495 1653 monasterii,
1518 1620 1552 1647 et
1581 1613 1722 1646 domino
1752 1614 1902 1648 Eusebio
1926 1615 1987 1647 ab-

139 1670 218 1703 bate
242 1670 350 1713 ipsius
371 1669 579 1708 monasterii,
603 1679 645 1702 ac
669 1674 841 1701 conventu
865 1667 1022 1701 eiusdem
1045 1668 1244 1701 monasterii
1275 1674 1310 1700 et
1337 1667 1451 1700 multis
1475 1668 1562 1707 aliis,
1594 1674 1628 1700 et
1659 1674 1838 1710 comperto
1863 1669 1986 1701 eodem

141 1732 288 1766 corpore
312 1723 461 1767 integ-ro,
484 1723 600 1761 unico,
625 1732 666 1754 ac
690 1722 851 1760 femineo,
875 1727 910 1754 et
932 1732 1049 1754 eoram
1072 1721 1122 1754 eis
1137 1722 1264 1760 clauso,
1287 1727 1322 1754 et
1345 1727 1395 1754 est
1418 1721 1515 1754 iuxta
1538 1721 1646 1754 altare
1671 1721 1705 1754 S.
1731 1722 1869 1754 Iustine.

993 1818 1129 1852 FINIS.

229 1946 238 1963 ¹
258 1947 282 1972 11
296 1947 482 1979 postillatore
495 1947 524 1972 dl
538 1945 574 1971 P'
587 1948 687 1971 lnvece
695 1947 887 1979 giustamente
907 1952 1037 1971 ossei-va:

144 1989 230 2014 “Imo
248 1989 320 2014 bene
343 1989 445 2014 scribit
467 1990 509 2015 sic
536 1990 694 2021 inpriens:
720 1989 755 2013 Te
779 1988 925 2013 Benedicte
950 1989 1037 2012 Pater

145 2032 221 2058 '‘etc.
250 2031 325 2058 Vide
338 2034 367 2058 ln
381 2033 475 2058 tercio
488 2033 650 2064 quinterno,
666 2032 842 2064 principium
857 2031 978 2056 secunde
991 2038 1036 2055 co-

145 2075 272 2104 “lumne‚
293 2075 324 2100 in
344 2074 439 2099 medlo
459 2075 615 2106 quinterno
628 2093 641 2107 „
661 2072 723 2098 cioe
736 2073 758 2098 il
778 2081 804 2098 v.
821 2078 885 2104 1515
907 2073 952 2098 del
965 2072 997 2098 L.
1011 2073 1037 2097 Π

142 2117 174 2142 dl
191 2118 226 2142 D.
245 2117 282 2142 da
300 2118 346 2142 cui
365 2115 380 2142 ὲ
398 2117 485 2142 {aelle
504 2117 618 2148 arguite
637 2116 686 2140 che
707 2122 756 2140 era
776 2117 850 2140 stata
875 2115 987 2148 sepolta
1005 2115 1036 2140 in

142 2168 180 2186 un
199 2162 361 2184 monastero
374 2159 506 2184 dedicato
524 2165 541 2184 a.
554 2166 603 2184 san
623 2158 789 2184 Benedetto.
825 2158 880 2183 Fra
898 2158 910 2182 i
929 2157 1038 2182 ricordi

142 2201 192 2235 pii:
209 2201 318 2227 illustri
332 2201 361 2226 di
375 2200 498 2226 Matilde
510 2201 562 2225 che
576 2202 605 2225 vi
619 2207 708 2226 erano
721 2208 739 2226 a
751 2200 888 2225 Polirone
908 2207 944 2224 va
959 2207 1038 2223 men-

142 2244 262 2270 zlonato
287 2243 517 2279 l’Evaqgeliario
543 2244 678 2272 miniato,
704 2250 755 2267 ora
780 2242 935 2275 posseduto
961 2242 996 2266 da
1014 2241 1036 2266 1.

141 2286 279 2319 Pleu-pont
297 2287 418 2320 Morgan
437 2294 453 2312 e
470 2286 506 2311 da
525 2286 566 2310 lui
586 2286 661 2311 fatto
680 2286 847 2318 riprodurre
866 2285 994 2317 (Gospels
1007 2284 1043 2317 ⁰s

1093 1946 1232 1971 Matbn'lda
1251 1949 1370 1971 countaess
1387 1946 1422 1979 of
1443 1946 1570 1979 Tus-carry,
1589 1946 1624 1970 N.
1643 1946 1723 1970 York
1751 1945 1849 1979 1917):
1867 1946 1902 1970 da
1922 1953 1984 1970 esso

1092 1995 1184 2014 mons.
1202 1988 1237 2013 A.
1257 1988 1395 2014 Manen-1
1414 1989 1445 2013 in
1469 1989 1696 2021 L’evangeliarn'o
1721 1989 1816 2013 donato
1841 1989 1918 2014 dalla
1938 1989 1983 2013 Co.

1092 2031 1211 2055 Matilde
1225 2032 1278 2056 etc.
1298 2029 1394 2063 (Atti
1420 2031 1555 2064 Deput.
1581 2030 1707 2056 Storia
1728 2039 1761 2063 p.
1787 2031 1886 2055 delle
1908 2038 1986 2063 pro-

1093 2074 1216 2098 vincie
1235 2073 1433 2102 modenesi,
1452 2073 1511 2098 vol.
1536 2072 1584 2103 IV,
1607 2073 1686 2106 1927)
1707 2075 1795 2098 trasse
1814 2073 1836 2097 il
1857 2074 1986 2105 prezioso

1092 2116 1175 2140 Liber
1199 2116 1274 2140 vitae
1293 2116 1325 2140 in
1351 2117 1395 2140 cui
1422 2114 1437 2140 ὲ
1463 2115 1608 2140 ricordato
1634 2115 1789 2149 l’impegno
1814 2123 1896 2148 preso
1922 2115 1986 2140 dal-

1091 2158 1194 2182 l’abate
1212 2158 1349 2182 Alberico
1368 2165 1450 2183 verso
1475 2158 1597 2183 Matllde
1618 2159 1662 2183 nel
1686 2165 1753 2190 ¹¹09
1773 2158 1802 2182 di
1824 2158 1867 2182 far
1887 2165 1986 2190 prepa-

1092 2207 1153 2224 rare
1177 2201 1246 2232 ogni
1271 2201 1375 2232 giorno
1401 2208 1438 2225 un
1466 2202 1583 2233 coperto
1606 2208 1654 2232 per
1681 2201 1719 2224 lei
1745 2200 1800 2224 alle
1826 2208 1919 2224 mense
1938 2200 1986 2224 dei

1094 2242 1160 2266 frati
1189 2249 1204 2266 e
1229 2241 1410 2266 distribuirlo
1436 2242 1466 2266 in
1493 2242 1658 2272 elemosina,
1687 2241 1798 2273 “usque
1826 2242 1860 2266 ad
1887 2241 1986 2266 mundi

1091 2284 1105 2298 ¹¹
1116 2283 1197 2308 finem
1211 2303 1234 2316 η.

2016 1952 2048 1970 10

2017 2164 2046 2190 15
