2288 3476
36 203 83 278 *js
99 239 191 274 ma]
583 231 832 268 HISTORIA
859 230 1290 267 MEDIOLANENSIS
1807 232 1854 267 29

32 400 33 410 ἵ
75 375 138 408 (¹¹¹
154 363 354 397 Mauritium
371 364 407 396 in
422 363 575 407 papam?
589 388 619 404 „.
667 362 737 402 Qui
754 363 856 397 tertio
879 364 1130 406 respondentes
1146 369 1180 395 et
1196 363 1385 396 clamantes
1409 362 1583 395 dixerunt:
1615 361 1630 379 ‘⁴
1644 362 1813 395 Volumus
1825 386 1856 402 „.

79 410 124 450 =c
147 416 223 459 ipse
248 427 325 449 cum
342 417 467 450 ceteris
489 417 677 450 astantibus
700 417 847 456 clericis,
864 422 985 459 aperto
1001 416 1090 449 libro
1106 426 1209 459 super
1232 416 1325 448 hunc
1343 416 1504 448 ellectum
1522 422 1556 448 et
1573 421 1688 448 manto
1712 425 1857 457 cooper-

29 457 32 530 l
78 491 96 514 A
127 469 262 502 sublimi
279 479 367 502 voce
385 470 546 502 clamavit
568 470 703 503 dicens:
726 471 740 487 “
755 470 799 503 Et
815 480 878 502 nos
894 470 1072 502 laudamus
1087 475 1122 502 et
1139 469 1381 502 confirmamus
1405 469 1581 502 dominum
1606 468 1813 512 Gregorium
1827 491 1857 508 „.

70 562 75 567 η
120 538 123 549 2
155 521 258 566 igitur
282 523 468 555 ellectione
491 523 556 555 ista
579 523 626 555 ad
647 523 740 555 hunc
763 524 915 562 modum,
945 522 1250 565 imperator'hunc
1277 533 1403 565 papam
1427 532 1524 554 suum
1548 521 1755 565 Gregorium
1778 532 1857 564 pro-

28 567 30 589 ἲ
49 574 54 580 ⁷
72 572 95 610 T:
106 575 143 613 't‚
166 580 201 608 et
224 586 287 617 per
303 581 453 608 castrum
476 575 597 609 Sancti
619 574 746 619 Angeli
762 575 813 608 in'
829 575 990 618 palatium
1014 576 1176 608 Laterani
1200 575 1373 618 perduxit.
1420 575 1459 607 In
1475 585 1542 617 quo
1558 575 1623 608 iste
1640 575 1811 618 pontifex,
1827 575 1856 607 si
1958 586 1980 601 c·
1993 580 2042 600 δᾶν

71 632 80 637 “’
100 634 152 662 est
174 628 303 668 dicere,
327 629 528 662 cathedram
550 629 641 662 sedit
663 635 698 662 et
720 629 901 671 prandium
925 629 1067 671 sumpsit
1092 635 1126 661 et
1150 629 1379 671 pernoctavit.
1426 629 1548 662 Altera
1564 639 1648 661 vero
1672 629 1739 668 die,
1763 628 1858 660 nullo

69 685 95 719 Ἀ·
107 681 207 719 iante,
231 681 323 714 idem
340 692 431 724 papa
447 682 596 715 eundem
621 682 864 725 imperatorem
881 682 926 715 ad
940 683 1050 724 ipsum
1076 682 1240 724 palatium
1257 682 1419 724 suscepit,
1435 687 1471 714 et
1494 692 1571 714 cum
1588 682 1663 725 ipso
1681 681 1726 714 ad
1743 680 1858 714 eccle-

129 733 250 766 Sancti
274 734 366 766 Petri
391 735 510 772 rediit;
535 741 614 767 ante
638 735 735 779 cujus
757 740 791 767 et
814 745 917 777 super
941 735 1038 779 cujus
1061 735 1168 767 altare
1187 735 1230 767 de
1248 734 1342 766 clero
1359 745 1476 766 coram
1499 734 1709 776 imperatore
1733 739 1767 767 et
1782 734 1858 776 plu-

139 786 308 819 Romanis
330 787 366 819 in
389 788 510 820 eadem
528 787 584 821 die
600 787 646 820 ad
669 787 808 821 ordines
830 788 1002 830 promovit
1019 794 1053 820 et
1076 787 1212 820 missam
1237 788 1400 820 cantavit.
1447 787 1569 830 Ibique
1594 798 1656 830 per
1678 793 1762 830 quot
1784 786 1860 820 dies

58 831 214 871 Ῐιιειιεεε
237 840 403 872 habitavit
417 846 452 873 et
470 841 670 873 fidelitatem
693 841 858 883 suscepit,
875 847 979 883 atque
1001 840 1182 883 splendide
1199 841 1244 872 de
1268 841 1346 884 lege
1362 840 1429 872 Dei
1447 846 1482 872 et
1505 840 1750 873 ecclesiasticis
1774 851 1859 873 con-

63 891 264 926 ltudinibus
286 892 480 935 predicavit
501 893 630 937 absque
653 894 724 926 ullo
755 904 914 931 rancore,
938 904 1060 936 pacem
1085 904 1193 937 regno
1217 899 1252 926 et
1274 893 1340 925 sibi
1362 899 1397 926 et
1419 904 1515 925 suum
1538 904 1662 936 papam
1688 894 1858 937 Gajetano

56 946 173 978 anni
195 945 231 978 in
247 956 370 989 papam
397 947 522 980 ellecto
546 947 763 986 exclamavit,
788 948 900 980 donec
924 948 1112 990 imperator
1134 948 1258 980 iterum
1275 947 1320 979 ad
1336 947 1557 980 Germaniam
1581 947 1728 986 rediens,
1745 948 1857 990 ipsum

59 1035 60 1038 Ἰ
81 998 228 1032 orium
251 1011 348 1032 suum
371 1011 496 1043 papam
521 1001 555 1032 in
578 1000 719 1034 Sutrina
743 1001 883 1033 civitate
908 1001 1004 1044 quasi
1027 1011 1186 1033 securum
1211 1000 1307 1033 fecit.

66 1105 70 1107 ’
113 1110 166 1142 46.
191 1129 232 1134 —
255 1110 296 1143 In
320 1111 530 1153 temporibus
552 1117 668 1144 autem
690 1111 773 1150 istis,
791 1111 826 1143 in
844 1111 970 1154 quibus
991 1112 1049 1143 hic
1067 1111 1255 1154 Gregorius
1278 1111 1323 1143 de
1341 1111 1434 1143 clero
1451 1110 1624 1153 quendam
1649 1115 1728 1142 ante
1753 1109 1860 1142 altare

71 1163 134 1195 cti
156 1162 253 1196 Petri
276 1165 322 1196 ad
344 1164 485 1197 ordines
508 1165 691 1206 promovit,
717 1165 918 1208 Gayetanus
940 1165 976 1196 in
1000 1175 1127 1207 papam
1158 1164 1312 1203 euectus,
1336 1170 1371 1196 et
1401 1163 1572 1206 presbiter
1595 1169 1630 1195 et
1652 1173 1743 1205 papa
1765 1163 1860 1205 apud

46 1259 47 1262 Ἴ
77 1221 192 1260 yetam
207 1216 429 1259 solempniter
445 1223 497 1250 est
513 1223 744 1257 consecratus,
761 1224 795 1249 et
811 1217 970 1250 Gelasius
985 1228 1078 1260 papa
1092 1217 1265 1250 secundus
1288 1217 1492 1249 advocatus.
1539 1215 1610 1254 Qui
1626 1217 1729 1248 etiam
1746 1216 1863 1258 plures

63 1279 65 1281 ’
88 1292 93 1296 -
114 1274 149 1301 et
163 1279 298 1302 menses
321 1271 523 1302 cathedram
545 1270 774 1312 apostolicam
789 1270 824 1302 in
841 1270 1015 1303 Laterano
1032 1270 1133 1309 sedit,
1149 1270 1331 1313 ipsumque
1354 1270 1519 1312 palatium
1536 1280 1615 1302 cum
1632 1270 1862 1302 cardinalibus

81 1322 256 1365 episcopis
278 1321 457 1356 habitavit.
503 1323 639 1356 Deinde
663 1323 736 1365 ipse
762 1333 838 1355 cum
862 1324 1002 1366 navigio
1025 1323 1132 1361 Pisas,
1156 1323 1314 1356 Yanuam
1339 1323 1523 1366 pluresque
1548 1323 1704 1355 civitates
1727 1329 1761 1355 et
1785 1323 1863 1355 loca

74 1385 128 1407 er
149 1386 244 1408 mare
267 1376 379 1418 posita
400 1376 556 1418 quesivit.
601 1375 733 1409 Eadem
756 1377 837 1409 navi
854 1376 925 1420 ejus
948 1377 1048 1409 affixa
1070 1377 1199 1410 Sancto
1222 1376 1363 1420 Egidio,
1380 1386 1524 1419 regnum
1540 1376 1681 1408 Frantie
1705 1375 1862 1413 intravit;

84 1437 162 1460 cum
184 1429 334 1472 benigne
352 1429 444 1461 foret
466 1435 626 1472 receptus
642 1440 662 1461 a
676 1429 892 1472 principibus
914 1429 1004 1462 illius
1027 1430 1138 1473 regni,
1155 1430 1198 1462 de
1222 1430 1350 1462 mondo
1373 1429 1537 1473 migravit
1558 1429 1715 1462 Cluniaci
1731 1428 1751 1460 ¹.
1796 1429 1860 1462 Cui

34 1511 39 1515 ..
79 1482 233 1514 nnensis
256 1482 316 1515 ille
339 1482 524 1525 episcopus
547 1484 726 1523 successit,
743 1484 786 1515 de
802 1482 898 1527 regia
913 1483 1021 1525 stirpe
1036 1484 1185 1527 genitu&
1203 1489 1237 1516 et
1251 1483 1409 1516 sinodum
1434 1493 1536 1526 quam
1558 1483 1634 1525 ipse
1650 1493 1743 1525 papa
1758 1482 1856 1515 Gela-

117 1542 380 1574 convocaverat‚
403 1536 466 1569 iste
496 1536 780 1579 archiepiscopus
810 1536 929 1569 Remis
959 1537 1161 1570 celebravit.
1207 1535 1279 1569 Sed
1301 1536 1396 1579 prius
1418 1547 1497 1569 cum
1522 1535 1746 1579 imperatore'
1770 1536 1864 1569 colob
1928 1547 2004 1571 Mun„
2019 1551 2059 1571 50⁴

36 1588 141 1620 ium
163 1588 294 1622 habere
319 1590 496 1632 disposuit.
543 1590 594 1622 De
618 1589 769 1623 concilio
793 1595 904 1622 autem
930 1590 996 1622 isto
1020 1590 1091 1622 sive
1116 1589 1280 1633 coloquio
1303 1590 1403 1632 plura
1426 1589 1591 1628 scribere,
1616 1589 1762 1632 digitum
1786 1600 1862 1621 mee

51 1678 53 1682 Α
85 1643 250 1685 agenarie
274 1644 374 1676 etatis
397 1654 466 1676 non
489 1643 726 1687 constringo'.

32 1691 52 1729 ig*

7 1790 9 1792 q
35 1747 56 1789 ᾖ
113 1748 165 1782 47.
193 1767 234 1772 —
258 1748 330 1782 Sed
351 1749 396 1782 ad
420 1750 671 1792 prenotandam
695 1749 968 1792 inquietudinem
993 1749 1300 1794 Langobardorum
1324 1760 1504 1793 meamque
1528 1750 1718 1783 molestiam
1743 1751 1862 1783 redeo.

6 1795 8 1840 f
34 1808 50 1840 f?
63 1802 200 1834 uoniam
224 1802 377 1843 quidem,
400 1803 459 1835 ubi
482 1803 669 1845 imperator
683 1815 704 1836 a
719 1804 832 1836 Roma
855 1804 971 1842 exivit,
995 1809 1029 1836 et
1043 1814 1080 1836 se
1096 1815 1117 1836 a
1133 1803 1290 1846 predicto
1307 1814 1398 1846 papa
1422 1804 1591 1847 Gregorio
1614 1804 1687 1836 sive
1711 1803 1863 1836 Burdino

5 1841 7 1888 ,l
49 1844 255 1898 stlongavit,
284 1866 364 1888 mox
393 1867 513 1888 manus
537 1856 717 1895 Gufflonis,
749 1857 894 1889 Cumani
925 1856 1094 1899 episcopi,
1125 1856 1266 1899 ejusque
1298 1857 1444 1889 militum
1476 1863 1512 1889 et
1543 1857 1670 1890 civium
1693 1857 1864 1889 violenter

57 1924 61 1927 ·
79 1909 258 1942 ·reheudit
279 1909 523 1952 Landulphum
547 1910 812 1948 Carcanensem,
834 1910 1109 1943 Mediolanensis
1132 1910 1281 1944 ecclesie
1297 1910 1462 1943 clericum
1485 1910 1697 1943 ordinarium
1714 1917 1749 1943 et
1765 1910 1866 1942 mini-

28 1992 49 2004 „
100 1972 132 1994 m
143 1961 171 2000 ’ς
195 1968 298 2005 atque
315 1962 352 1994 in
366 1963 443 2004 ipsa
458 1963 737 2005 apprehensione
761 1963 936 1996 interfecit
951 1964 1124 2001 ottonem,
1141 1963 1294 2006 ejusdem
1312 1963 1513 2006 Landulphi
1537 1971 1702 2006 nepotem
1720 1970 1754 1997 et
1770 1964 1862 1997 urbis

1 2022 4 2042 ῑ
49 2014 219 2059 ἑεάἱοῙαῐιί
241 2015 416 2059 egregium
440 2015 670 2058 capitaneum.
716 2017 808 2049 Hinc
831 2016 1019 2049 Yordanus
1042 2016 1200 2058 pontifex
1230 2016 1544 2050 Mediolanensium
1576 2017 1774 2050 contionem
1798 2017 1860 2049 mi-

98 2085 115 2097 ιι
140 2074 174 2102 et
189 2068 328 2108 civium,
351 2068 595 2102 clamantium
586 2081 620 2102 m
645 2070 828 2108 Cumanos,
850 2070 1007 2108 intravit3
1031 2069 1148 2113 ibique
1173 2070 1430 2103 conumerando
1454 2075 1491 2103 et
1513 2071 1736 2104 lamentando
1759 2081 1863 2114 quam

27 2107 125 2179 §lura
147 2121 261 2160 malla,
284 2133 351 2166 que
375 2122 520 2155 Cumani
543 2123 703 2155 fecerant
725 2124 761 2155 in
784 2123 886 2156 rebus
901 2129 937 2156 et
960 2123 1155 2156 hominibus
1179 2123 1499 2166 archiepiscopatus
1521 2123 1725 2166 Mediolani,
1749 2124 1859 2166 ipsam

27 2164 158 2225 {iffi-bam
183 2175 354 2208 contionis
376 2176 421 2209 ad
437 2176 634 2209 faciendam
650 2177 838 2209 vindictam
862 2176 1057 2210 inflamavit.
1103 2177 1237 2210 Eodem
1261 2187 1398 2220 quoque
1413 2182 1569 2219 tempore
1593 2177 1686 2210 idem
1703 2177 1861 2220 pontifex

27 2225 34 2254 ἶ
50 2228 204 2267 rdanus,
236 2228 401 2261 obseratis
423 2229 535 2273 januis
566 2230 805 2268 ecclesiarum,
828 2239 890 2262 suo
914 2231 1045 2272 populo
1076 2230 1219 2273 negavit
1249 2229 1438 2268 introitum,
1462 2230 1527 2262 nisi
1550 2230 1720 2263 materiali
1743 2231 1863 2274 gladio

35 2288 54 2308 ..;
70 2281 236 2314 dicaret'
259 2282 423 2314 malitiam
446 2283 687 2316 Cumanorum.
734 2283 881 2316 Demum
905 2283 950 2315 ad
972 2284 1119 2316 sonitum
1135 2283 1231 2316 vocis
1247 2289 1280 2315 et
1295 2283 1387 2327 jussu
1410 2283 1511 2327 hujus
1526 2283 1701 2326 pontificis
1723 2283 1863 2317 Medio·
1953 2296 1972 2313 c·
1987 2291 2034 2313 ὃν

25 2327 40 2361 'n-
86 2334 178 2367 ensis
202 2335 348 2377 populus
371 2336 465 2378 cepit
487 2335 606 2368 facere
633 2346 776 2379 gueram
806 2336 979 2369 Cumanis.
1025 2335 1141 2380 Atque
1164 2347 1184 2368 a
1206 2336 1321 2379 primo
1353 2337 1461 2376 exitu,
1484 2347 1553 2380 quo
1583 2336 1864 2370 Mediolanenses

75 2388 284 2420 tramentati
307 2394 386 2420 sunt
408 2388 444 2420 in
467 2388 601 2421 Caneto
614 2388 637 2428 ⁴,
661 2390 837 2422 civitatem
861 2389 972 2432 ipsam
995 2389 1184 2422 Cumanam
1209 2395 1481 2432 occupaverunt,
1504 2390 1684 2434 ipsumque
1708 2390 1862 2422 Landul-

121 2536 162 2562 14.
180 2529 309 2555 XXXIII.
326 2529 449 2555 Gelas-ius
466 2532 541 2562 papa
558 2530 647 2562 Gajete
671 2532 842 2560 consecratus,
860 2531 984 2563 Januam
1001 2533 1025 2556 et
1041 2531 1124 2556 Pisas
1142 2531 1218 2563 fugit,
1237 2531 1342 2556 tandem
1359 2531 1391 2556 in
1411 2532 1562 2563 Frantiam,
1575 2531 1621 2557 ubi
1639 2532 1750 2557 moritur
1769 2546 1801 2550 —
1821 2539 1863 2564 24.

126 2572 158 2597 V.
176 2571 282 2596 Bellum
299 2572 368 2597 inter
385 2572 600 2597 Mediolanenses
619 2574 642 2597 et
660 2573 796 2598 Cumanos
815 2573 906 2603 mitum
926 2574 957 2598 in
974 2581 1026 2606 quo
1044 2573 1139 2599 civitas
1158 2573 1282 2599 Cumana
1299 2573 1443 2599 destruitur

29 2691 44 2708 ἃ,
123 2668 162 2694 13.
183 2661 262 2694 fecit]
282 2661 366 2686 duxlt
383 2661 408 2686 R
428 2675 460 2679 —
479 2661 523 2694 36.
541 2663 637 2687 excitu
654 2662 685 2686 H
691 2669 698 2694 ;
716 2663 842 2687 exercitu
860 2662 896 2692 R;
916 2663 946 2687 N
962 2662 1090 2688 concorda
1107 2662 1148 2688 col
1164 2662 1268 2695 primo}
1286 2662 1308 2688 il
1326 2663 1424 2688 Pmuz
1443 2670 1559 2696 correggo
1577 2663 1609 2688 in
1626 2664 1707 2689 exitu

24 2711 44 2754 ἐξ

35 2775 37 2777 -
118 2762 220 2788 ¹Morl
240 2765 270 2788 in
290 2763 385 2796 Cluny
410 2764 432 2789 il
459 2771 492 2797 ²9
516 2766 640 2797 gennaio
667 2772 743 2797 ¹1¹9·
780 2763 829 2790 Gli
858 2773 918 2790 suc·
1061 2763 1073 2780 ³
1090 2765 1252 2790 Ministrum
1269 2764 1333 2790 cios
1352 2766 1485 2792 diacono.
1523 2766 1577 2791 Era
1597 2767 1672 2791 stato
1697 2768 1866 2800 contrappo-

51 2812 103 2830 sse
121 2804 227 2833 Guido,
247 2807 430 2830 arcivescovo
449 2806 478 2830 di
499 2807 618 2835 Vienne,
637 2806 681 2831 col
702 2814 784 2831 nome
798 2807 828 2831 di
841 2806 919 2832 Cali-
973 2809 1018 2832 sto
1036 2806 1084 2840 gia
1104 2808 1252 2832 nell'anno
1274 2807 1342 2841 ¹098
1361 2808 1388 2832 al
1408 2808 1553 2840 legittimo
1573 2815 1695 2833 vescovo
1714 2809 1742 2833 di
1764 2808 1864 2838 Como,

20 2840 30 2854 ’“
56 2855 75 2872 ο
93 2847 128 2878 ΙΙ,
148 2848 198 2872 che
221 2848 250 2871 su
268 2848 356 2872 eletto
377 2848 398 2872 il
417 2849 520 2880 giorno
541 2855 555 2872 2
575 2848 712 2872 febbraio.
749 2848 772 2872 11
792 2850 920 2874 concilio
973 2849 1115 2874 Guidone.
1153 2849 1199 2875 Cf.
1218 2849 1352 2882 Grutuu,
1372 2850 1420 2882 1v,
1441 2850 1502 2883 336.

16 2905 18 2909 .
79 2889 219 2913 celebrato
240 2888 423 2913 nell'ottobre
441 2889 519 2915 dello
539 2891 628 2914 stesso
649 2897 735 2914 anno.
1063 2890 1073 2906 ⁴
1094 2890 1225 2920 Guium,
1244 2892 1278 2921 V,
1299 2898 1348 2917 10²
1369 2900 1383 2917 e
1402 2893 1482 2916 Szxssr
1496 2893 1603 2918 dicono
1615 2900 1706 2917 essere
1719 2900 1775 2917 una
1790 2893 1866 2917 loca-

20 2959 35 2966 χ»
117 2929 129 2947 ²
147 2930 283 2956 Concilio
303 2931 440 2956 Remense
461 2931 506 2956 del
535 2938 690 2965 1119-1120.
727 2931 801 2958 vern
826 2933 920 2958 Conci-
974 2931 1027 2958 lita
1045 2933 1098 2967 (La
1118 2932 1267 2967 Canneda)
1286 2935 1332 2959 tra
1353 2934 1462 2959 Lucino
1483 2942 1496 2959 e
1522 2934 1669 2960 Grandate
1696 2935 1770 2959 nelle
1796 2936 1865 2960 vici·
1896 2942 1926 2968 15

18 2964 36 3006 Ξ
58 2984 63 2993 ι
100 2980 207 2998 mnova
220 2972 348 3004 Colleceio,
364 2974 508 2999 mannus·
511 2975 620 3004 Mansx,
634 2976 702 2999 tom.
713 2974 786 3004 XXI,
801 2976 855 3001 col.
870 2983 920 3008 233
975 2983 1065 3001 nanze
1083 2976 1110 3000 di
1127 2976 1228 3002 Como.
1252 2976 1319 3001 Non
1333 2984 1400 3009 pare
1415 2977 1601 3002 ammissibile
1614 2977 1866 3003 l'identificazlone

18 2999 47 3071 ἒξ
64 3022 104 3047 sg
124 3015 379 3049 (Venezia‚1776).
975 3024 1026 3042 con
1047 3016 1142 3043 Cantii
1163 3019 1235 3043 satta
1255 3019 1300 3043 nel
1319 3019 1410 3044 Pertz.
