2288 3476
822 195 1124 233 PREFAZION
1127 197 1158 232 E
1802 193 1914 230 XVII

155 318 316 366 Riporto
343 320 403 367 qui
434 331 499 366 per
525 321 654 367 saggio
681 320 800 356 alcuni
829 321 952 356 brani:

355 406 381 439 Ι.
407 425 448 429 -
471 406 685 450 Principium
710 419 823 440 rerum
846 408 968 441 struxit
989 408 1160 451 sapientia
1181 407 1306 440 celum.

467 464 630 497 Primitus
652 476 754 498 omne
777 465 887 498 solum
911 465 1070 498 condidit
1093 471 1195 508 atque
1218 464 1354 507 polum;

463 521 575 555 Senos
597 533 729 566 perque
753 523 828 556 dies
850 523 917 555 hec
941 529 1042 556 ornat
1064 523 1214 556 maxime
1238 522 1375 555 dicens:

462 579 567 613 Astra
589 581 718 613 micent
740 581 851 623 plura,
874 581 955 613 luna
977 581 1024 614 sit
1047 587 1120 614 atra
1141 581 1279 625 fugans,

463 637 527 671 Sol
548 649 652 680 super
677 638 828 672 excellat
851 644 995 672 cunctas
1018 649 1103 681 quas
1125 638 1262 671 fabrico
1285 638 1412 681 stellas,

464 694 519 728 Ac
543 695 695 738 pluviam
719 695 859 729 Phebus
881 696 989 739 pellat
1013 703 1049 729 et
1071 706 1173 728 omne
1195 696 1286 740 gelu.

463 752 642 786 Germinet
666 759 700 786 et
722 759 826 792 terra,
849 754 996 787 viridem
1018 754 1191 796 producat
1212 760 1247 787 et
1269 754 1422 792 herbam,

466 810 642 844 Arboreas
663 812 810 854 species,
834 817 997 850 monstra,
1021 812 1124 850 ieras,
1148 812 1314 854 pecudes,

463 868 637 902 Parturiat
659 879 784 911 parvos
806 869 941 911 pariter
962 869 1078 912 pisces
1101 880 1190 912 aqua
1212 880 1365 913 magnos,

465 926 519 958 Ac
542 932 686 970 generet
708 927 879 966 volucres,
903 927 1054 969 desuper
1075 937 1117 959 ac
1141 927 1339 960 volitentur.

466 982 554 1021 Quis
576 994 681 1026 super
702 985 768 1017 hee
792 989 893 1022 esset,
917 984 1087 1026 sapientia
1109 984 1207 1016 iussit
1231 985 1361 1023 adesse,

463 1040 693 1074 Conformans
715 1041 902 1082 hominem,
926 1051 1028 1084 quem
1053 1041 1117 1074 sibi
1140 1041 1214 1074 vult
1237 1041 1403 1074 similem:

463 1098 554 1131 Huic
577 1108 715 1142 quoque
739 1100 820 1132 dum
845 1099 982 1138 dormit,
1006 1105 1138 1132 costam
1161 1099 1269 1133 trahit
1291 1099 1418 1133 arbiter
1441 1099 1545 1139 orbis,

463 1156 539 1189 Eva
562 1157 598 1189 fit
621 1168 665 1189 ex
686 1163 795 1196 costa,
819 1168 886 1200 que
910 1157 955 1190 sit
976 1156 1056 1190 Ade
1080 1157 1188 1190 socia.

464 1214 527 1247 His
548 1214 646 1247 iubet
668 1221 706 1248 ut
727 1215 858 1258 presint
881 1215 1015 1248 cunctis
1037 1214 1240 1248 animalibus
1266 1216 1331 1256 evi,

463 1272 535 1305 Illis
557 1284 624 1317 que
647 1278 741 1306 terra
762 1284 823 1306 seu
845 1273 1026 1317 generavit
1049 1284 1151 1317 aqua,

466 1330 633 1364 Omnibus
656 1330 690 1363 in
715 1338 842 1364 cuncto
867 1332 1089 1365 dominentur
1111 1338 1147 1365 et
1169 1331 1205 1364 hi
1229 1332 1297 1365 duo
1322 1333 1462 1365 mundo.

464 1388 510 1421 Et
532 1389 711 1422 benedixit
734 1389 804 1427 eis:
829 1390 984 1432 crescite,
1009 1389 1097 1422 dixit
1121 1391 1183 1423 eis.

463 1446 596 1479 Ordine
620 1448 790 1481 concordi
812 1447 1016 1491 subiungam
1039 1447 1186 1491 qualiter
1209 1447 1296 1486 orbi,

464 1505 616 1538 Ornatus
638 1506 777 1539 dederit
799 1506 1024 1550 membraque
1049 1505 1244 1544 contulerit,

465 1563 624 1607 Namque
649 1564 703 1597 die
726 1563 839 1606 primo
861 1564 950 1597 lucis
972 1564 1166 1597 fabricatur
1190 1564 1288 1608 origo

466 1622 663 1655 Surrexisse
687 1622 803 1654 sother
826 1622 998 1655 credimus
1019 1622 1130 1654 hacve
1154 1621 1220 1655 die.

464 1678 612 1722 Separat
632 1690 654 1711 a
675 1679 807 1721 limpha
830 1679 992 1722 limpham
1016 1679 1197 1722 celumque
1220 1679 1374 1712 secunda

463 1736 553 1775 Quis
574 1726 639 1770 nisi
661 1737 790 1770 Christi
813 1743 936 1779 potens
959 1738 1024 1770 hec
1047 1737 1138 1770 bene
1160 1737 1250 1770 scire
1273 1735 1413 1780 potest?

463 1795 607 1828 Tertius
629 1796 782 1828 exsiccat
803 1795 961 1838 limphas,
985 1805 1079 1829 mare
1095 1795 1238 1837 suscipit
1261 1795 1364 1837 ipsas,

464 1852 608 1886 Robora
630 1853 824 1892 fructifera,
846 1854 979 1886 semina
1001 1853 1062 1886 dat
1083 1853 1190 1892 varia,

467 1911 508 1943 In
529 1911 620 1944 feria
643 1917 764 1954 quarta
786 1911 906 1944 Phebe
931 1911 1144 1954 splendescit
1166 1917 1200 1944 et
1224 1916 1326 1950 astra,

464 1968 611 2012 Insignis
633 1969 738 2002 Titan
759 1969 1045 2012 splendidiusque
1069 1969 1183 2001 micat.

465 2026 598 2065 Quinta
621 2026 694 2059 dies
716 2026 833 2070 plures
856 2026 955 2060 dedit
976 2026 1168 2059 advolitare
1190 2027 1351 2059 volucres

463 2082 679 2126 Multiplices
700 2084 816 2127 pisces
838 2085 981 2128 lympha
1004 2085 1064 2117 dat
1087 2089 1123 2117 et
1145 2085 1315 2117 volucres.

464 2141 602 2186 Datque
627 2142 683 2175 die
705 2148 803 2175 sexta
825 2142 1024 2185 quadrupes
1046 2149 1081 2175 et
1104 2142 1228 2184 reptile
1251 2148 1354 2175 terra.

462 2198 574 2232 Totus
596 2206 669 2232 erat
691 2200 849 2239 mundus,
872 2205 951 2242 post
974 2200 1011 2232 fit
1035 2199 1148 2233 Adam
1175 2201 1299 2239 luteus,

461 2256 601 2290 Costam
626 2258 706 2290 dum
730 2258 856 2291 dormit
879 2258 965 2291 deus
987 2257 1068 2290 huic
1091 2258 1135 2290 de
1153 2268 1299 2300 corpore
1323 2257 1423 2296 tollit,

465 2314 519 2347 Ex
541 2325 609 2358 qua
631 2316 669 2347 fit
691 2315 815 2348 mulier
837 2325 940 2358 quam
963 2314 1029 2347 sibi
1052 2315 1238 2348 consociet.

465 2372 589 2406 Omnia
611 2373 772 2415 perfecta
793 2373 883 2406 feria
906 2378 986 2406 sunt
1008 2373 1158 2416 denique
1181 2378 1277 2406 sexta

463 2429 578 2463 Pollet
599 2430 644 2463 de
665 2430 785 2474 requie
808 2430 972 2473 septimus
994 2436 1101 2474 atque
1126 2430 1209 2463 dies.

577 2545 622 2578 11.
646 2563 688 2569 —
710 2545 766 2578 De
786 2545 999 2589 plantatione
1021 2545 1192 2579 Paradisi
1210 2546 1408 2578 delitiarum

464 2623 582 2668 Atque
603 2635 725 2658 nemus
747 2626 863 2660 factor
885 2626 994 2660 cosmi
1016 2626 1191 2669 plantarat
1213 2633 1248 2659 et
1272 2626 1375 2659 arbor

466 2682 587 2715 Dulcis
609 2683 769 2727 acrisque
791 2683 893 2716 nimis
915 2689 1074 2716 creverat
1096 2683 1186 2716 intus
1209 2683 1268 2716 ibi.

470 2738 630 2779 Quatuor
653 2746 814 2773 emanant
836 2741 917 2773 hinc
939 2741 1080 2773 flumina
1102 2740 1226 2774 sedulo
1250 2740 1343 2774 clara

466 2797 607 2842 Physon
630 2798 815 2842 gemmifer
836 2804 886 2832 est
908 2799 1039 2841 primus
1061 2804 1096 2831 et
1117 2799 1249 2831 aurifer
1271 2804 1333 2836 est,

466 2854 701 2899 Ethiopesque
725 2855 828 2900 Gyon
852 2857 1034 2890 circundat
1055 2856 1200 2888 maxime
1223 2856 1351 2900 nigros,

467 2912 619 2947 Mittitur
641 2919 676 2946 et
698 2913 816 2957 Tigris
838 2914 957 2946 tertius
979 2913 1144 2958 Assyriis,

467 2970 516 3004 At
536 2970 660 3004 fluvius
682 2977 823 3014 quartus
844 2971 1015 3004 vocitatur
1037 2970 1208 3004 Eufraten
1231 2972 1330 3010 altus,

204 3093 487 3128 T.V,p.u—B.
