2288 3476
347 191 393 226 38
1038 187 1168 222 VITA
1197 185 1486 222 MATHILDIS

349 261 2182 272 ...................................................................................................................................................................................................

742 310 788 343 Se
811 311 910 342 nimis
931 309 1090 347 exaltant,
1114 308 1296 350 spatiando
1320 317 1383 349 per
1405 319 1488 340 arva
1511 308 1677 341 relaxant.

738 363 896 406 Contigit
920 361 1031 395 audiri
1055 361 1150 404 quod
1173 361 1243 393 dux
1265 360 1476 393 Bonefacius
1498 360 1582 394 illuc

643 431 694 457 9¹5
742 415 828 448 Cum
851 414 1093 458 Longobardis
1115 413 1263 456 propriis
1285 419 1489 456 properaret
1510 413 1546 445 in
1568 414 1680 453 armis,

738 470 790 502 De
814 468 937 512 quibus
961 467 1125 504 exultant,
1149 466 1229 510 quia
1253 467 1403 499 credunt
1426 466 1547 500 tollere
1572 473 1716 500 cunctas

738 523 869 555 Causas
891 521 1044 558 illorum;
1068 525 1162 552 vetat
1184 525 1237 553 ast
1258 520 1326 552 hoc
1349 519 1459 552 exitus
1481 520 1613 554 horum.

742 575 781 607 In
804 581 972 616 ternaque
996 572 1053 605 die
1076 572 1241 615 princeps
1265 572 1411 605 accessit
1434 572 1574 612 ibidem,

743 627 917 669 Disposita
940 626 1043 658 docte
1065 636 1129 668 per
1151 631 1267 668 partes
1290 625 1421 668 quippe
1445 626 1600 659 cohorte.

642 696 696 721 920
742 679 893 713 Barbara
915 689 1003 723 gens
1026 685 1061 712 et
1085 684 1183 711 atrox
1204 679 1363 722 proprios
1387 679 1457 711 cito
1480 680 1602 712 muniit
1625 686 1730 720 artus,

741 733 891 778 Agmine
915 738 1048 765 scutato
1072 732 1196 774 procul
1219 733 1304 765 exiit
1326 738 1361 765 et
1383 732 1518 776 galeato

742 786 858 830 Atque
881 792 979 828 putat
1001 791 1137 819 scutum
1161 785 1323 819 bellando
1348 786 1511 830 frangere
1536 787 1669 820 durum.

741 840 910 873 Funditus
933 839 1003 871 ulla
1026 839 1176 881 phalanx
1198 850 1353 882 parmam
1376 840 1647 873 Bonefacianam

739 893 935 926 Praevaluit
957 903 1140 936 numquam
1165 892 1370 936 dirumpere,
1394 903 1459 926 nec
1481 894 1574 927 valet
1597 893 1771 938 unquam-¹

178 964 259 984 aun
644 962 696 988 925
743 947 897 979 Exhorto
920 946 1026 983 bello,
1047 955 1131 990 gens
1155 946 1265 978 effera
1289 947 1415 979 cedere
1438 947 1533 980 ferro

742 999 880 1033 Acriter
903 999 1065 1042 incaepit,
1090 999 1159 1031 dux
1181 999 1294 1031 acrius
1316 999 1468 1043 undique
1494 1001 1600 1039 cedit,

741 1054 975 1096 Hortaturque
999 1062 1079 1084 suos
1100 1052 1287 1095 persistere
1311 1059 1453 1095 pectore
1476 1054 1574 1093 duro,

740 1107 912 1141 Cornibus
935 1112 1040 1149 atque
1063 1106 1154 1139 tubis
1176 1106 1320 1139 reboare
1343 1116 1407 1149 per
1429 1107 1538 1140 ardua
1561 1108 1685 1149 multis,

742 1161 864 1194 Donec
887 1166 986 1203 terga
1009 1159 1133 1193 darent
1154 1159 1279 1198 hostes,
1301 1161 1392 1193 intus
1416 1161 1634 1203 repedarent.

644 1230 700 1255 930
745 1215 839 1247 Haec
863 1213 923 1247 ubi
948 1213 1042 1246 dicta
1066 1213 1175 1251 dedit,
1198 1219 1339 1257 gentem
1362 1220 1495 1247 terrore
1518 1215 1665 1257 replevit

743 1268 839 1301 Gens
861 1265 1094 1310 Longobarda
1116 1267 1294 1309 tenuitque
1317 1266 1464 1300 viriliter
1487 1279 1591 1307 arma,

744 1322 790 1354 Et
812 1330 959 1353 sonuere
982 1319 1082 1352 tubas
1106 1325 1140 1352 et
1163 1320 1309 1364 grandia
1331 1331 1463 1354 cornua
1485 1322 1594 1363 plura.

744 1376 837 1409 Gens
859 1385 926 1418 que
949 1374 1073 1407 timens
1096 1379 1184 1406 tetra
1206 1373 1311 1406 rediit
1333 1374 1489 1419 graviter
1512 1381 1605 1409 retro
1630 1386 1721 1414 cesa,

745 1429 799 1461 Ac
822 1428 924 1471 petiit
947 1433 1097 1460 castrum
1122 1428 1268 1470 cupiens
1290 1438 1327 1460 se
1352 1428 1516 1461 claudere
1540 1423 1705 1468 tantum}

645 1498 697 1524 935
744 1483 822 1515 Hoc
845 1492 915 1514 non
938 1481 1093 1524 permisit
1116 1481 1218 1514 velox
1240 1481 1454 1514 Bonefacius
1475 1482 1537 1522 illi,

747 1536 819 1570 Sed
842 1534 943 1568 simul
964 1534 1107 1567 intravit
1130 1534 1252 1567 iaculis
1275 1536 1463 1568 transfodit
1485 1536 1620 1569 amaris.

745 1588 918 1622 Continuo
941 1587 1016 1630 regi
1041 1593 1190 1620 castrum
1213 1587 1391 1621 mandavit
1413 1588 1578 1622 inhermis

745 1643 794 1676 Ut
816 1641 961 1674 veniens
984 1641 1090 1679 tonat,
1114 1641 1260 1684 patriam
1283 1641 1366 1686 quia
1388 1642 1504 1685 gliscit
1527 1649 1563 1676 et
1586 1649 1682 1686 optat

746 1695 826 1738 Ipse
850 1694 974 1738 suique
997 1705 1103 1733 suam,
1127 1694 1300 1727 nullamve
1323 1705 1453 1728 moram
1477 1696 1561 1729 dare
1584 1703 1716 1730 curant.

650 1764 705 1790 940
749 1749 846 1782 Haec
870 1758 960 1781 nova
984 1753 1166 1781 noscentes
1189 1758 1260 1787 rex,
1284 1754 1386 1792 atque
1411 1749 1528 1790 duces,
1553 1750 1774 1794 comitesque,

747 1803 918 1840 Laudant,
942 1802 1119 1840 mirantur,
1144 1803 1240 1845 quod
1263 1808 1414 1835 castrum
1437 1803 1482 1836 sit
1505 1803 1573 1836 cito
1596 1811 1751 1847 captum;

747 1856 806 1889 Ad
829 1855 922 1899 quod
945 1854 1136 1889 tollendum
1160 1855 1289 1889 direxit
1310 1867 1372 1889 rex
1396 1863 1430 1889 et
1452 1857 1649 1890 habendum

748 1909 908 1943 Athletas
930 1911 1053 1948 claros,
1078 1909 1150 1942 illis
1174 1910 1263 1943 duce
1286 1910 1391 1943 dante
1415 1911 1549 1946 relato.'

182 1979 266 2000 aur
749 1964 852 1996 Tunc
875 1962 1101 2007 Longobardi
1126 1973 1204 1996 cum
1226 1963 1386 2006 principe
1409 1965 1628 2008 magnificati,

650 2032 703 2059 945
748 2017 808 2051 Ad
830 2016 961 2060 proprii
982 2016 1067 2049 tecti
1089 2017 1245 2060 requiem
1267 2018 1413 2057 rediere,
1435 2019 1559 2052 refecti

748 2072 803 2104 Ex
824 2070 949 2114 opibus
971 2070 1104 2115 magnis
1127 2071 1271 2114 sumptis
1293 2072 1420 2104 virtute
1443 2073 1501 2104 vel
1523 2073 1635 2106 armis.

750 2124 906 2167 Cumque
926 2123 1019 2157 redit
1040 2123 1205 2167 princeps
1228 2124 1341 2157 victor
1364 2124 1532 2158 mirabilis
1554 2126 1657 2166 idem,

745 2177 901 2221 Contigit
922 2177 959 2209 in
983 2177 1088 2210 castri
1113 2177 1292 2210 cuiusdam
1316 2184 1429 2211 castra
1451 2179 1585 2221 repasci

744 2229 885 2273 Campis
908 2230 1064 2270 desertis,
1088 2236 1122 2263 et
1143 2235 1182 2263 ut
1203 2236 1255 2263 est
1278 2241 1352 2263 mos
1374 2241 1519 2274 pergere
1543 2232 1661 2271 servis,

653 2298 709 2325 950
752 2283 807 2316 Ex
828 2283 946 2327 pueris
968 2283 1068 2316 multi
1091 2290 1282 2326 caeperunt
1305 2294 1446 2317 currere
1468 2285 1586 2318 furtim

748 2338 808 2370 Ad
830 2342 964 2381 segetes
986 2333 1102 2375 flavas,
1126 2343 1160 2370 et
1183 2338 1281 2380 equis
1303 2337 1366 2370 has
1389 2338 1518 2371 ducere
1541 2339 1698 2383 flagrant.

752 2391 838 2424 Inde
859 2390 994 2434 virique
1017 2391 1087 2423 loci
1108 2390 1270 2435 graviter,
1294 2391 1435 2423 nimium
1459 2402 1595 2435 quoque
1617 2393 1712 2430 moti.

749 2443 909 2486 Arreptis
931 2445 1035 2476 armis
1057 2455 1149 2484 mox,
1171 2444 1394 2487 armigerisve
1419 2445 1560 2478 caballis

748 2497 911 2531 Cervices
933 2497 1092 2536 tundunt,
1116 2503 1152 2530 et
1175 2508 1283 2541 equos
1305 2498 1371 2531 sibi
1394 2499 1516 2532 tollunt
1523 2512 1532 2538 3

654 2566 706 2592 955
754 2550 934 2594 Burgundi
958 2549 1049 2584 bruti
1071 2551 1232 2596 fecerunt
1254 2551 1322 2584 hoc
1345 2551 1443 2595 quasi
1467 2553 1571 2586 stulti.

750 2604 840 2637 Nam
864 2604 935 2637 dux
957 2604 1064 2636 iratus
1087 2605 1312 2638 vehementer
1333 2611 1371 2638 ut
1394 2605 1518 2639 assolet
1540 2606 1638 2645 altus,

445 2766 472 2782 v.
490 2758 551 2790 923)
571 2761 697 2789 parmam
724 2758 932 2792 Bonisacianam
957 2759 986 2783 lo
1011 2759 1099 2784 scudo
1123 2760 1198 2785 ossia
1222 2760 1249 2784 la
1313 2758 1364 2785 V'e
1384 2762 1519 2785 corretto.

360 2798 437 2823 sorza
463 2799 493 2824 di
511 2800 679 2825 Bonifaclm
698 2801 729 2825 in
749 2801 877 2834 margine
903 2809 918 2826 a
940 2802 962 2826 V
983 2799 998 2826 'e
1023 2803 1123 2827 scritto
1149 2805 1249 2827 scutum
1391 2810 1419 2828 v.
1437 2802 1499 2836 941)
1519 2803 1627 2831 Questo
1649 2810 1729 2828 verso
1749 2803 1779 2827 ln
1808 2803 1833 2827 V
1846 2801 1860 2827 ὲ
1881 2803 2018 2832 riscritto,
2038 2809 2116 2826 come
2128 2808 2196 2834 pure
2249 2803 2251 2816 ‹
2269 2786 2283 2823 ⁴³³

359 2848 412 2865 con
433 2842 572 2867 rlchlamo
591 2850 608 2867 a
622 2846 756 2874 parmam.
1305 2845 1324 2869 il
1343 2845 1395 2878 928
1413 2845 1447 2869 ed
1468 2845 1545 2870 altri.
2239 2868 2242 2871 Α
2282 2872 2283 2877 ,

446 2891 492 2909 vv.
509 2884 617 2918 927-28)
643 2886 798 2911 Bonifacio
821 2886 924 2910 ordina
943 2887 971 2911 ai
990 2888 1051 2911 suoi
1073 2887 1101 2911 di
1122 2888 1250 2912 resIstere
1392 2895 1440 2912 vv.
1458 2886 1566 2920 942·43)
1586 2887 1628 2912 Va
1648 2888 1802 2912 costrutto:
1831 2886 2003 2911 “Mandavit
2021 2884 2082 2917 regi
2100 2885 2132 2910 ut
2151 2891 2195 2910 ve:

315 2930 329 2956 5
358 2925 529 2955 all‘attacco,
553 2929 660 2952 mentre
679 2928 745 2953 altri
774 2929 821 2953 nel
839 2929 931 2953 monti
958 2928 1109 2954 dovevano
1129 2930 1173 2954 col
1196 2930 1250 2954 frn—
1308 2929 1414 2954 “niens
1434 2929 1571 2954 inhermis
1590 2929 1676 2954 tollat
1696 2931 1817 2954 castrum
1830 2945 1853 2960 „-

358 2973 436 2991 casso
458 2968 593 2993 simulare
616 2969 733 2994 Pan-ivo
753 2970 783 2995 dl
803 2977 896 2995 nuove
920 2972 1040 3004 truppet
1060 2972 1080 2996 il
1101 2979 1128 2996 v.
1146 2970 1199 3005 928
1219 2973 1249 2996 in
1393 2980 1419 2996 v.
1438 2970 1503 3004 950)
1518 2973 1605 2998 Pueri
1621 2979 1692 2996 sono
1713 2971 1856 3004 lragazzi,
1871 2978 1889 2995 o
1903 2971 1975 2995 servi
1991 2970 2034 2994 dei
2049 2967 2193 2994 cannen-1.
2239 2952 2247 2991 ιη·
2273 2962 2282 2994 ζ
