2288 3476
754 295 989 334 EPITOME
1016 297 1349 333 POLIRONESE
1901 298 1944 333 12
1950 299 1971 333 3

55 367 1968 379 .......................................................................................................................................................................................................

130 419 223 451 enim
253 419 422 462 oppidum
452 419 579 451 auxilio
610 419 792 453 Comitisse
823 430 892 452 non
915 420 1028 462 potuit
1059 419 1244 453 debellare.
1291 420 1393 452 Tunc
1425 420 1587 463 antipapa
1615 419 1801 453 Guibertus
1833 419 1878 452 ad
1907 420 1972 451 im-

64 478 77 504 v5
129 477 324 515 peratorem
354 472 458 511 venit,
485 478 520 505 et
546 473 574 504 si
605 472 810 505 Guibertum
823 472 834 490 ¹
866 473 901 504 in
933 472 1063 515 Papam
1095 473 1292 506 Romanum
1324 479 1587 517 cognoscerent,
1617 474 1654 505 in
1685 479 1798 506 castro
1830 472 1973 512 obsessi,

131 529 167 557 et
189 525 306 558 afflicti
336 525 442 564 tedio,
473 525 517 559 ab
551 525 760 568 imperatore
791 526 964 558 licentiam
998 532 1168 568 peterent,
1200 537 1275 559 earn
1299 537 1336 559 se
1361 527 1521 569 daturum
1551 526 1729 569 pollicitus
1756 532 1817 559 est.
1864 525 1972 564 Quod

69 587 77 598 ²
129 577 315 612 comitissa
337 588 406 610 non
430 579 559 616 annuit,
583 578 790 621 quibusdam
813 585 929 611 tamen
953 578 1183 611 mediantibus
1206 580 1411 622 proceribus
1435 586 1469 612 et
1491 579 1643 622 prelatis,
1666 580 1756 612 inter
1779 589 1864 622 quos
1894 590 1971 612 cum

41 643 43 676 ζ
75 629 104 677 '¹5
129 630 332 664 Heribertus
355 631 566 675 Reginensis
581 632 766 674 episcopus
781 633 942 665 inclinari
966 633 1142 665 videretur
1157 633 1202 665 ad
1225 633 1321 675 pacis
1344 634 1531 672 vinculum,
1555 633 1663 666 abbas
1679 633 1821 677 quidam
1844 633 1974 676 Johan-

41 683 42 696 ¹
71 682 76 706 ,²
129 693 192 716 nes
214 684 356 715 nornine
379 683 559 717 Comitisse
582 695 704 727 pacem
729 685 800 717 fieri
824 684 994 723 dissuasit,
1017 687 1107 718 hanc
1130 696 1286 719 asserens
1302 696 1424 728 pacem
1441 686 1635 719 catholicae
1651 686 1775 718 unitati
1797 686 1874 718 fore
1892 692 1975 718 con-

76 739 80 766 3
127 736 279 770 trariam.
324 736 505 770 Animatur
528 738 642 781 itaque
667 738 858 776 Comitissa,
882 744 920 770 ut
950 740 985 770 in
1019 739 1169 772 Domino
1201 739 1382 772 confidens
1412 740 1504 771 vires
1534 745 1723 772 assumeret
1746 739 1970 773 fortitudinis.

39 785 40 788 ¹
71 786 79 826 .’ς
129 788 206 822 Hec
230 795 344 823 autem
367 795 448 823 acta
470 796 549 824 sunt
569 791 606 823 in
630 791 721 833 loco,
745 791 803 834 qui
828 791 955 824 dicitur
977 792 1213 834 Carpinetum.
1260 792 1380 824 Multis
1402 793 1508 837 igitur
1531 792 1710 830 machinis,
1734 797 1768 824 et
1799 792 1876 824 aliis
1898 791 1971 824 bel-

69 882 72 890 ἱ
127 841 206 875 licis
227 843 452 885 apparatibus
473 843 606 876 Montis
628 843 719 876 Belli
735 850 883 876 castrum
900 851 1136 888 oppugnatum
1151 850 1212 877 est.
1260 845 1383 888 Ibique
1399 845 1613 887 imperatoris
1636 845 1725 878 filius
1749 845 1880 879 corruit
1903 855 1972 878 non

62 893 106 928 ,(0
127 895 201 928 sine
223 895 334 939 patris
357 896 476 928 dolore
498 896 713 939 gravissimo.
761 897 869 929 Cuius
892 906 1019 939 corpus
1043 897 1174 929 deferri
1198 897 1371 930 Veronam
1404 898 1509 936 iussit,
1541 904 1575 930 et
1606 898 1781 941 condigno
1813 899 1974 930 tumulari

72 991 73 994 Ἴ
129 948 308 991 sepulcro:
333 948 458 982 videns
479 949 619 983 tandem
643 955 792 982 castrum
817 950 892 983 fore
916 950 1188 994 inexpugnabile
1210 950 1254 983 ab
1278 950 1458 984 obsidione
1474 951 1644 993 discessit,
1670 958 1704 984 et
1726 951 1763 984 in
1788 951 1971 984 Aemiliam

75 1000 78 1004 ’
128 1002 272 1035 veniens
294 1013 331 1035 se
353 1001 512 1034 Parmam
529 1003 626 1035 finxit
642 1003 748 1036 adire.
785 1002 858 1035 Sed
873 1003 1103 1036 Camilianum
1119 1004 1258 1037 rediens
1282 1005 1442 1037 decrevit
1457 1004 1686 1037 Canussinum
1703 1011 1853 1037 castrum
1877 1006 1974 1037 inva-

66 1050 68 1055 ’
129 1055 224 1095 dere,
253 1055 300 1088 ad
329 1055 529 1088 memoriam
564 1056 744 1095 reducens,
776 1066 843 1098 que
874 1056 956 1089 illuc
989 1067 1110 1099 passus
1140 1057 1264 1096 fuerat,
1296 1056 1376 1089 dum
1408 1058 1453 1089 ad
1484 1068 1574 1099 pape
1609 1058 1840 1100 praesentiam
1871 1068 1975 1100 super

73 1102 76 1105 ⁵
128 1108 243 1141 nivem
265 1115 300 1141 et
321 1108 460 1152 glatiem
483 1109 585 1142 nudis
607 1109 754 1152 pedibus
783 1109 991 1142 incessisset.
1036 1109 1191 1142 Veniens
1212 1110 1319 1153 igitur
1342 1111 1387 1143 ad
1412 1110 1656 1143 debellandum
1679 1111 1791 1153 ipsum
1822 1111 1974 1144 Canosse

39 1154 104 1197 4η’ἑ5
129 1168 287 1200 castrum.
319 1161 444 1194 milites
466 1161 648 1194 Comitisse
671 1173 708 1194 se
732 1162 837 1194 armis
866 1163 1065 1206 accingunt,
1088 1169 1124 1195 et
1146 1169 1304 1195 conserta
1327 1173 1443 1206 pugna
1467 1164 1603 1205 capitur
1626 1164 1844 1206 imperatoris
1866 1165 1974 1197 vexil-

40 1217 42 1220 ’
61 1213 62 1216 ’
130 1214 209 1254 lum,
231 1215 325 1258 quod
341 1214 500 1258 gestabat
515 1215 603 1247 filius
618 1214 835 1247 Marchionis
850 1214 1050 1253 Adalberti3
1068 1215 1234 1259 multique
1250 1226 1294 1248 ex
1317 1216 1535 1258 imperatoris
1551 1216 1713 1249 militibus
1738 1217 1972 1250 vulnerantur.

128 1267 289 1301 Victores
312 1268 429 1311 itaque
452 1267 636 1300 Canussini
658 1267 876 1310 imperatoris
892 1268 1056 1301 vexillum
1080 1269 1243 1302 deferunt
1257 1269 1292 1301 in
1318 1275 1443 1307 castro,
1467 1269 1561 1312 quod
1584 1280 1691 1312 usque
1716 1270 1820 1303 hodie
1843 1270 1973 1303 ibidem

52 1365 53 1368 Ἴ
128 1321 286 1355 habetur.
334 1321 417 1354 Post
433 1322 499 1354 hec
521 1322 710 1364 imperator
725 1320 822 1355 Pado
845 1328 1055 1355 transmeato
1080 1323 1248 1355 discessit.
1295 1322 1398 1355 Multi
1421 1333 1505 1355 vero
1528 1323 1586 1366 qui
1610 1323 1682 1355 eius
1704 1330 1797 1356 metu
1821 1335 1841 1355 a
1863 1324 1977 1357 Comi-

67 1369 69 1401 [
127 1375 210 1408 tissa
232 1375 473 1414 discesserant,
497 1376 543 1408 ad
565 1375 784 1408 Comitissam
809 1376 957 1409 redeunt
981 1382 1015 1408 et
1039 1382 1153 1409 castra
1175 1377 1368 1409 restituunt.

940 1501 1043 1534 CAP.
1068 1502 1164 1534 XIII.

151 1571 313 1614 ,Qualiter
328 1572 547 1615 imperatoris
551 1572 651 1614 filius
665 1572 754 1604 adha
770 1573 833 1604 esit
846 1572 1029 1615 Comitisse,
1046 1577 1150 1616 patre
1165 1574 1281 1606 relicto
1298 1578 1331 1605 ct
1342 1574 1489 1615 qualiter
1504 1573 1711 1606 Ferrariam
1734 1576 1961 1617 recuperavit.

215 1669 371 1713 Contigit
392 1669 485 1702 inter
507 1670 594 1702 haec
617 1669 833 1712 imperatoris
856 1670 981 1702 infelix
1004 1671 1192 1714 augurium,
1217 1682 1295 1703 nam
1318 1681 1406 1703 uxor
1429 1670 1503 1703 eius
1526 1671 1647 1715 regina
1670 1671 1848 1709 Praxedis,
1870 1671 1975 1713 ipsius

126 1723 256 1767 flagitia
278 1723 481 1761 abhorrens,
502 1729 639 1756 secreto
663 1733 740 1755 cum
755 1723 938 1757 Comitissa
953 1724 1114 1756 tractavit
1128 1723 1323 1757 divortium.
1371 1723 1478 1762 Quod
1501 1725 1632 1758 factum
1649 1725 1769 1758 eadem
1793 1725 1975 1758 Comitissa

36 1815 38 1819 y
128 1776 340 1819 amplectens
361 1775 520 1814 libenter,
541 1777 713 1809 solemnes
735 1777 780 1810 ad
803 1788 880 1809 eam
911 1777 1058 1809 nuncios
1081 1777 1222 1810 Verone
1254 1778 1451 1815 destinavit,
1474 1779 1533 1822 qui
1565 1779 1722 1811 eamdem
1746 1778 1900 1822 reginam
1932 1778 1976 1810 ad

35 1828 43 1858 ’ἰ
61 1829 103 1874 25
127 1830 356 1863 Canussinum
378 1829 545 1872 oppidum
569 1830 816 1872 perduxerunt.
861 1830 914 1862 Eo
937 1841 1076 1873 quoque
1100 1837 1268 1872 tempore,
1299 1840 1391 1864 anno
1415 1831 1551 1864 scilicet
1572 1831 1826 1864 Incarnationis
1856 1832 1975 1864 Domi-

127 1883 226 1916 nicae
249 1883 390 1916 MXCV
419 1882 582 1916 Urbanus
604 1894 696 1925 papa
719 1883 920 1916 Comitissae
948 1894 1028 1916 usus
1051 1883 1194 1916 consilio
1225 1883 1472 1916 Lombardiam
1503 1885 1610 1923 venit,
1642 1891 1677 1916 et
1708 1884 1865 1917 Concilio
1896 1884 1976 1917 Pla-

127 1937 240 1970 centie
265 1936 452 1974 celebrato,
476 1937 599 1969 eodem
623 1936 760 1969 scilicet
783 1947 875 1969 anno
899 1937 956 1970 die
979 1937 1058 1970 Kal.
1082 1937 1185 1969 Mart.
1216 1938 1460 1980 imperatorem
1485 1945 1520 1971 et
1542 1937 1745 1971 Guibertum
1777 1938 1975 1980 antipapam

127 1989 301 2023 catholica
330 1990 507 2022 damnavit
537 1990 741 2028 sententiae,
770 1996 804 2022 et
833 1990 1014 2023 Comitisse
1038 1990 1239 2022 valedicens
1269 1991 1429 2023 transivit
1458 1991 1494 2023 in
1526 1991 1684 2024 Galliam.
1730 1992 1976 2024 Consternatus

28 2075 30 2082 =
128 2043 182 2076 his
202 2043 391 2086 imperator
421 2043 542 2075 accitis
565 2042 727 2075 Veronae
752 2043 895 2082 civibus,
928 2043 1067 2087 Nogare
1098 2050 1248 2076 castrum
1281 2043 1427 2076 obsedit.
1475 2043 1581 2082 Quod
1612 2044 1760 2077 audiens
1791 2044 1976 2077 Comitissa

31 2088 33 2090 ’
65 2105 75 2122 τ
127 2097 240 2130 statim
263 2095 440 2129 accersitis
461 2095 717 2129 Mutinensibus
740 2096 873 2129 Padum
904 2097 1070 2129 transivit.
1119 2097 1280 2130 Sentiens
1310 2104 1424 2129 autem
1454 2098 1643 2140 imperator
1674 2098 1748 2130 eius
1777 2098 1976 2136 adventum,

127 2149 256 2182 viribus
278 2149 470 2191 destitutus,
502 2155 536 2181 et
567 2150 693 2188 animo,
724 2150 838 2182 statim
869 2150 988 2193 fugam
1019 2150 1104 2188 iniit,
1136 2150 1226 2182 omni
1251 2150 1467 2192 supellectile
1491 2150 1526 2182 in
1558 2151 1679 2183 castris
1709 2151 1841 2189 relicta,
1873 2161 1975 2194 quam

127 2202 312 2235 Comitissa
334 2202 500 2235 militibus
522 2202 660 2245 reliquit
682 2203 719 2235 in
742 2203 898 2245 predam.
945 2203 1103 2235 Castrum
1127 2203 1242 2245 itaque
1267 2203 1430 2246 Nogarae
1462 2203 1512 2235 sic
1543 2210 1595 2236 est
1618 2204 1662 2236 ab
1685 2203 1867 2236 obsidione
1891 2204 1975 2236 libe-

128 2261 250 2288 ratum.
295 2255 448 2300 Additur
470 2263 632 2298 preterea
648 2262 683 2288 et
699 2255 785 2288 alius
809 2256 1013 2298 Imperatori
1031 2266 1129 2288 casus
1143 2257 1299 2294 infestus,
1317 2257 1430 2298 ipsum
1446 2257 1634 2290 hostilitate
1651 2257 1839 2290 invadente
1857 2257 1975 2289 dome-

48 2349 50 2351 ·
127 2309 224 2342 stica.
269 2309 359 2341 Nam
383 2307 565 2342 Conradus
586 2309 660 2342 eius
682 2315 782 2341 natus
798 2309 906 2351 ipsius
929 2310 1063 2342 scelera
1087 2319 1256 2342 execrans
1272 2310 1316 2343 ab
1333 2320 1375 2342 eo
1392 2310 1561 2348 discessit,
1574 2316 1609 2343 et
1624 2310 1806 2343 Comitisse
1830 2310 1975 2343 adhesit.

48 2362 104 2396 35
128 2362 234 2396 Cuius
257 2361 402 2395 consilio
431 2362 538 2394 filiam
566 2362 714 2406 Rogerii
744 2361 872 2405 Apulie
903 2362 1071 2405 principis
1102 2362 1200 2395 duxit
1228 2373 1379 2396 uxorem.
1426 2364 1480 2395 Eo
1511 2370 1666 2406 tempore
1694 2363 1855 2396 Urbanus
1886 2374 1977 2406 papa

127 2416 280 2453 moritur,
303 2425 394 2448 anno
416 2415 550 2448 scilicet
571 2415 794 2459 nonagesimo
818 2426 910 2448 nono
926 2416 1057 2449 Christi
1081 2415 1239 2449 MXCIX
1254 2422 1332 2458 post
1354 2427 1457 2459 quem
1474 2416 1626 2449 Pascalis
1649 2417 1800 2460 eligitur.
1847 2417 1977 2450 Contra

129 2479 232 2512 quem
255 2468 335 2500 dum
359 2468 525 2501 niteretur
548 2468 736 2502 Guibertus
759 2470 924 2512 antipapa
946 2469 1095 2511 populos
1118 2469 1270 2508 allicere,
1288 2470 1332 2502 de
1356 2469 1473 2502 medio
1497 2470 1651 2502 sublatus
1673 2476 1722 2503 est
1738 2481 1835 2502 suum
1858 2480 1975 2502 secum

129 2522 293 2555 deferens
316 2522 511 2555 anathema.
557 2521 630 2560 Qui
652 2522 752 2555 annis
774 2531 865 2554 xxrv
888 2522 953 2554 Dei
979 2522 1176 2555 Ecclesiam
1200 2523 1365 2556 damnoso
1396 2523 1541 2556 dissidio
1573 2522 1798 2566 perturbavit,
1830 2524 1874 2556 de
1906 2533 1975 2566 quo

131 2575 270 2618 quidam
293 2576 356 2608 hos
379 2574 506 2607 cecinit
528 2585 661 2608 versus:

23 2655 24 2662 ἶ
45 2661 110 2706 j40
574 2659 727 2692 Fletibus
749 2665 782 2693 et
804 2660 1004 2704 lachrymys,
1027 2661 1060 2693 si
1078 2659 1171 2701 forte
1185 2660 1290 2704 fores
1312 2661 1537 2701 redimendus,

55 2730 57 2733 ·
572 2713 725 2746 Fletibus
747 2718 783 2746 et
803 2714 985 2756 lachrymis
1008 2725 1093 2747 esses
1118 2714 1279 2747 Guiberte
1301 2715 1460 2747 dolendus
1473 2715 1499 2747 ²:

571 2765 644 2798 Sed
663 2767 751 2799 nulli
769 2768 922 2810 gemitus
944 2771 1083 2811 possunt
1106 2772 1165 2800 tua
1178 2768 1284 2811 facta
1306 2768 1419 2812 piare,

573 2819 686 2862 ⁴‚Quem
709 2831 799 2853 mors
822 2831 887 2853 non
909 2821 1022 2864 potuit
1044 2822 1085 2853 de
1107 2821 1256 2864 perfidia
1278 2831 1448 2854 revocare.

221 2903 353 2936 Eodem
376 2903 480 2936 etiam
503 2908 670 2946 tempore,
702 2905 860 2947 prefatus
890 2905 1073 2938 Conradus
1102 2905 1292 2947 imperator
1315 2906 1388 2938 eius
1411 2905 1500 2938 filius
1522 2906 1556 2937 in
1581 2915 1698 2938 mense
1727 2905 1802 2938 Iulii
1834 2906 1977 2939 moritur

224 3042 234 3058 ¹
254 3042 288 3068 P·
301 3043 337 3068 ha
349 3045 563 3068 erroneamente
576 3044 718 3069 cambiato
733 3044 755 3069 ll
776 3043 821 3069 “si
837 3043 1028 3077 Guibertum„
1173 3042 1184 3059 ²
1203 3044 1235 3068 In
1256 3044 1289 3068 Ι).
1312 3046 1320 3069 1
1335 3044 1388 3069 due
1403 3045 1477 3070 versi
1491 3046 1575 3078 primi
1596 3046 1692 3071 hanno
1707 3045 1829 3071 l’ordine
1843 3046 1974 3071 inverso:

139 3085 168 3109 in
189 3083 428 3118 “ffigibertumffl
1082 3086 1119 3111 cf.
1138 3085 1170 3111 L.
1188 3086 1223 3118 11,
1245 3094 1289 3111 vv.
1309 3086 1400 3119 905-6.
