2288 3476
373 251 385 286 1
399 251 441 286 18
991 244 1224 285 EPITOME
1254 247 1583 285 POLIRONESE

367 324 2176 332 ..................................................................................................................................................................................................

1192 440 1295 474 CAP.
1319 441 1380 474 VI.

587 513 643 546 De
665 513 940 556 confederatione
958 511 1148 555 *Bonisacit'
1175 522 1250 544 cum
1273 512 1486 555 imperatore
1518 511 1685 554 Conrado,
1709 516 1742 544 et
1765 513 1835 544 eius
1857 516 1975 545 morte.

455 610 636 642 Conradus
658 610 845 651 imperator
868 609 968 641 huius
999 609 1146 641 nominis
1176 609 1361 648 secundus,
1393 609 1473 641 dum
1504 608 1664 641 Parmam
1696 609 1872 642 obsideret
1902 609 2081 647 rebellem,
2111 610 2135 641 h
2167 607 2195 637 -ἑ

366 663 585 696 Bonifacium
610 663 655 695 ad
678 673 773 694 suum
799 661 993 694 subsidium
1018 662 1191 695 evocavit.
1237 661 1343 695 Cuius
1366 662 1473 695 fultus
1499 662 1665 704 presidio,
1687 668 1806 704 utpote
1829 662 1895 695 viri
1921 662 2054 695 viribus
2076 668 2183 696 stre·

367 723 401 749 et
424 716 526 748 armis
550 715 675 753 edocti,
700 715 873 747 civitatem
897 716 1008 758 ipsam
1039 714 1199 753 obtinuit,
1230 726 1333 758 quem
1363 715 1429 747 sibi
1458 716 1678 758 postmodum
1701 715 1792 748 idem
1817 715 2002 758 imperator
2023 715 2146 748 adstri·

364 769 508 802 foedere
532 769 725 805 iuramenti,
750 774 784 800 et
806 769 913 801 multo
937 769 1034 800 illum
1049 769 1180 800 honore
1197 769 1366 811 provexit.
1408 767 1494 800 Post
1509 769 1575 801 hec
1599 768 1751 801 Henrico
1773 769 1877 801 tertio
1899 769 2101 812 imperante,
2123 769 2198 807 dns

364 822 409 854 ad
432 821 525 854 bella
549 827 671 854 contra
694 821 899 865 Burgundos
921 822 1014 855 idem
1039 821 1265 863 processisset
1287 821 1483 863 imperator,
1514 822 1672 864 prefatus
1695 821 1897 854 Bonifacius
1925 821 1962 853 in
1993 821 2152 864 imperm-
2172 825 2191 852 -'

366 875 540 913 auxilium,
564 875 786 908 memoranda
817 875 957 917 pariter,
981 881 1015 907 et
1046 875 1229 918 magnifica
1251 875 1321 918 egit
1352 875 1388 907 in
1412 875 1537 908 hostes.
1583 875 1679 908 Inter
1709 885 1776 917 que
1799 876 1893 907 istud
1922 875 2059 908 silentio
2089 885 2151 917 pre
2176 895 2189 903 „

365 928 534 960 reundum
556 928 698 960 minime
722 929 815 960 duxi.
861 929 950 961 Dum
973 929 1065 961 enim
1087 929 1123 960 in
1148 928 1329 961 cuiusdam
1353 929 1459 961 castri
1475 928 1666 966 obsidione,
1689 929 1813 961 multos
1836 928 2039 961 Bonifacius
2059 938 2103 961 ex
2124 928 2154 962 B
2179 935 2182 937 ’

365 981 599 1024 gundionibus
622 981 717 1014 ferro
742 983 902 1024 cepisset,
926 982 1072 1014 minatus
1094 988 1146 1014 est
1169 991 1288 1014 eorum
1312 993 1415 1014 nasos
1436 987 1471 1014 et
1494 982 1666 1014 auriculas
1696 982 1864 1014 mutilare.
1909 980 2034 1015 Adfuit
2055 981 2104 1014 ibi
2195 1022 2201 1029 .

366 1041 468 1067 trona
497 1034 644 1078 quedam
675 1035 802 1067 nobilis
833 1041 867 1066 et
891 1035 998 1072 dives,
1030 1045 1096 1077 que
1127 1040 1258 1067 tantum
1291 1034 1424 1078 argenti
1447 1045 1510 1077 pro
1540 1035 1601 1067 filii
1630 1034 1868 1076 redemptione
1899 1044 1936 1067 se
1967 1036 2126 1067 daturam
2165 1057 2173 1061 -
2191 1036 2194 1042 ’

366 1087 535 1131 pollicita,
559 1094 725 1130 quantum
750 1089 784 1120 in
806 1088 932 1121 trutina
956 1088 1103 1130 positum
1128 1088 1237 1120 moles
1259 1088 1416 1130 corporis
1438 1089 1658 1130 ponderaret.
1701 1087 1766 1121 Cui
1789 1087 1992 1120 Bonifacius
2006 1093 2112 1131 caput
2127 1098 2150 1132 q
2190 1098 2194 1105 ²

364 1141 466 1179 tiens,
488 1143 503 1158 “
513 1140 615 1173 Absit
631 1142 698 1173 hoc
709 1165 738 1181 „,
754 1142 874 1185 inquit,
898 1141 913 1158 ‘⁴
925 1147 961 1173 ut
978 1141 1095 1173 hostes
1110 1141 1204 1173 ferro
1221 1141 1316 1184 capti
1331 1141 1545 1173 redimantur
1560 1147 1721 1184 argento:
1739 1141 1818 1173 volo
1834 1146 1871 1173 ut
1885 1139 2084 1175 huiusmodi
2095 1151 2177 1183 poa
2192 1176 2198 1180 ,

366 1194 559 1237 posteritati
581 1200 693 1227 vestre
718 1195 762 1227 sit
786 1195 1013 1238 opprobrium
1037 1194 1279 1237 sempiternum
1297 1219 1326 1234 „.
1373 1195 1493 1227 Incisis
1509 1194 1614 1238 igitur
1636 1194 1776 1227 naribus
1793 1201 1827 1227 et
1841 1194 1946 1227 sectis
1968 1194 2118 1234 auribus,
2150 1209 2159 1223 ι
2188 1193 2190 1195 ’

366 1248 463 1280 iussit
486 1248 639 1280 onustari
663 1248 797 1291 clipeos
811 1247 831 1280 ¹.
877 1248 979 1280 Hunc
1004 1248 1223 1280 Bonifacium
1239 1248 1332 1280 idem
1349 1249 1538 1290 imperator
1554 1248 1740 1287 Henricus,
1756 1248 1830 1281 sola
1845 1248 2041 1280 stimulante
2063 1247 2153 1280 invi
2166 1247 2200 1286 '.‘

367 1312 446 1335 cum
468 1302 604 1335 videret
627 1312 704 1334 eum
727 1302 920 1345 magnificis
943 1301 1076 1334 actibus
1099 1308 1286 1341 strenuum,
1301 1302 1417 1344 sepius
1440 1302 1586 1334 tentavit
1610 1302 1691 1334 dolo
1716 1301 1890 1335 occidere.
1919 1301 1991 1334 Sed
2005 1301 2082 1334 Deo
2097 1311 2158 1335 cus
2180 1295 2200 1328 ·²

367 1356 494 1395 diente,
518 1361 554 1388 et
577 1365 619 1388 eo
642 1365 780 1397 semper
802 1356 945 1388 insidias
968 1355 1212 1393 dissimulante,
1234 1356 1425 1397 imperator
1448 1366 1509 1387 suo
1526 1356 1707 1388 conamine
1730 1355 1914 1387 frustratus
1930 1361 1991 1388 est.
2030 1355 2111 1388 Fuit
2125 1364 2205 1398 q·

367 1420 435 1452 que
458 1419 564 1451 saepe
586 1408 709 1441 diebus
734 1408 957 1441 Bonifacius
949 1419 984 1440 ιιι
1000 1408 1127 1441 divinis
1143 1408 1322 1445 sollicitus,
1345 1418 1463 1441 sacros
1485 1409 1588 1440 etiam
1605 1408 1788 1441 honoravit
1802 1408 1997 1450 pontifices,
2011 1408 2191 1452 clerumq

367 1462 471 1496 valde
503 1462 635 1500 dilexit,
658 1468 692 1494 et
721 1462 909 1504 praecipue
941 1462 1140 1494 monachos.
1187 1461 1255 1494 Pro
1286 1462 1404 1494 divino
1436 1468 1550 1494 autem
1579 1472 1708 1500 amore,
1741 1468 1775 1495 et
1804 1461 2039 1494 munificentie
2070 1472 2131 1494 sue
2182 1460 2192 1469 '

370 1516 549 1548 dexteram
573 1516 725 1558 aperuit3
749 1515 945 1557 delictaque
970 1515 1110 1557 propria
1132 1514 1201 1547 illis
1224 1515 1404 1554 confitenti,
1428 1515 1636 1558 condignam
1659 1515 1804 1557 sumpsit
1834 1514 2071 1557 penitentiam.
2116 1514 2185 1548 Τ-

368 1571 448 1602 dem
471 1579 549 1601 cum
572 1574 690 1601 vorum
714 1569 864 1601 vovisset
886 1569 1015 1601 Christi
1038 1569 1177 1602 visitare
1200 1569 1434 1611 sepulchrum,
1458 1575 1492 1600 et
1515 1579 1579 1610 pro
1603 1579 1664 1601 sua
1679 1568 1898 1610 expedienda
1920 1567 2197 1613 peregrination

369 1623 484 1655 omnia
507 1622 762 1664 complevisset,
785 1622 845 1654 illo
869 1628 1030 1660 vocante,
1053 1622 1089 1654 in
1113 1622 1209 1654 cuius
1239 1633 1342 1653 manu
1367 1627 1446 1654 sunt
1477 1622 1653 1654 hominum
1683 1622 1764 1659 vite,
1795 1621 1954 1654 universe
1978 1621 2093 1654 earnis
2122 1622 2168 1653 vi
2188 1638 2202 1649 ι.

369 1676 542 1720 ingressus
565 1681 628 1714 est,
653 1684 743 1707 anno
767 1674 942 1708 dominice
958 1675 1205 1708 incarnationis
1227 1675 1408 1707 millesimo
1432 1675 1718 1718 quinquagesimo
1742 1675 1910 1713 secundo,
1933 1674 1992 1717 qni
2015 1673 2082 1707 fuit
2102 1685 2197 1707 ann

368 1729 597 1762 duodecimus
619 1729 764 1761 Henrici
780 1728 884 1767 tertii,
902 1735 935 1761 et
951 1728 1094 1760 Mantue
1111 1728 1268 1771 sepultus
1285 1734 1346 1761 est.
1391 1728 1475 1760 Post
1490 1739 1591 1771 quem
1609 1729 1761 1760 coniunx
1785 1728 1860 1760 eius
1875 1728 2016 1761 illustris
2031 1727 2128 1761 Comi
2141 1728 2169 1756 ι’»
2181 1742 2194 1757 «ι

369 1782 510 1814 Beatrix
533 1781 632 1814 annis
655 1781 856 1824 quindecim
879 1780 1069 1823 supervixit
1091 1781 1286 1814 universam
1302 1780 1495 1814 Marchiam
1511 1782 1576 1814 rite
1592 1780 1800 1824 gubernans,
1816 1780 1990 1824 filiamque
2005 1779 2178 1814 Mathilde
2188 1789 2206 1821 ιζ

369 1835 556 1879 diligenter
579 1835 745 1873 nutriens,
769 1835 869 1867 bonis
892 1844 968 1867 eam
991 1834 1142 1867 moribus
1166 1840 1201 1866 et
1223 1834 1408 1867 virtutibus
1438 1834 1650 1867 informavit.
1696 1834 1775 1867 Duo
1806 1833 1966 1866 fundavit
1994 1834 2205 1867 monasteri

369 1889 624 1921 Fraxinorense
655 1888 832 1930 videlicet,
856 1893 891 1920 et
919 1886 1156 1926 Canussinum‚
1180 1888 1318 1932 illisque
1349 1888 1471 1930 predia
1501 1898 1627 1930 magna
1650 1888 1805 1920 donavit.
1850 1887 1996 1919 Demum
2018 1884 2210 1920 infirmita

370 1947 533 1984 correpta
557 1941 696 1974 decima
727 1947 852 1974 octava
878 1940 1010 1983 Aprilis
1041 1942 1109 1983 die,
1142 1952 1231 1974 anno
1262 1941 1372 1985 gratie
1404 1941 1584 1974 millesimo
1614 1941 1889 1984 septuagessimo
1921 1947 2030 1980 sexto,
2060 1940 2206 1974 Henric

369 2001 493 2038 quarto
516 1996 719 2037 imperante,
742 1995 896 2027 feliciter
919 1994 962 2027 ab
985 1995 1053 2027 hac
1078 1995 1155 2027 luce
1179 1995 1354 2039 migravit,
1378 2004 1506 2037 corpus
1528 1995 1603 2027 eius
1623 1994 1713 2027 Pisis
1737 1994 1918 2028 conditum
1941 2000 2003 2027 est.
2213 1990 2217 1994 ”

1189 2118 1292 2152 CAP.
1319 2119 1396 2152 VII.

756 2190 811 2223 De
824 2191 931 2234 fama
956 2190 1133 2222 Comitisse
1156 2190 1347 2232 Mathildis,
1372 2194 1405 2222 et
1426 2191 1584 2233 opinione
1607 2191 1676 2222 eius
1700 2190 1829 2222 mariti.

461 2288 643 2321 Mathildis
673 2288 776 2332 igitur
806 2288 1000 2326 Comitissa,
1033 2288 1211 2320 defunctis
1241 2294 1338 2330 patre
1361 2288 1556 2329 Bonifacio‚
1587 2294 1621 2320 et
1651 2294 1758 2320 matre
1790 2288 1960 2325 Beatrice,
1990 2293 2062 2320 tum
2084 2297 2140 2320 mo
2191 2304 2195 2315 ·

371 2342 555 2386 probitate,
578 2348 649 2374 tum
677 2342 939 2402 progenitorum
970 2341 1131 2383 preclara
1159 2341 1322 2383 prosapia
1353 2340 1470 2373 multis
1500 2341 1537 2372 in
1560 2341 1678 2384 regnis
1709 2346 1792 2374 nota
1822 2341 1980 2379 efficitur,
2010 2346 2045 2373 et
2067 2341 2221 2374 famosa

371 2396 473 2428 Hanc
498 2396 589 2427 enim
607 2395 797 2428 Grecorum
814 2394 1005 2437 principes,
1028 2393 1284 2431 Alemanorum‚
1308 2394 1508 2432 Russorum,
1533 2393 1721 2433 Saxonum,
1745 2393 1944 2432 Frixonum,
1969 2393 2208 2427 Arvernorum

372 2449 584 2487 Vasconum,
608 2449 823 2481 Francorum
844 2447 1149 2490 Lotheringorum,
1165 2452 1200 2480 et
1215 2446 1473 2479 Britanniorum
1496 2447 1614 2479 multis
1638 2447 1849 2479 extollebant
1872 2446 2044 2486 laudibus,
2058 2452 2095 2480 et
2108 2445 2220 2521 mulsi
2221 2442 2225 2445 ’

373 2502 439 2535 sibi
477 2502 570 2534 dona
608 2500 898 2534 transmittebant.
954 2502 1048 2534 Inter
1078 2511 1164 2543 quos
1197 2500 1341 2533 Alexius
1380 2500 1606 2539 Graecorum,
1638 2507 1672 2532 et
1701 2500 1972 2533 Alemannorum
2011 2510 2112 2544 reges
2142 2499 2200 2533 ei·-

372 2555 569 2599 coniugium
592 2554 778 2597 petierunt,
801 2560 836 2586 et
858 2554 916 2585 alii
940 2564 1078 2597 quoque
1100 2554 1199 2586 multi
1231 2553 1403 2595 praeclari
1428 2554 1545 2593 duces,
1570 2560 1606 2587 et
1627 2554 1817 2596 principes,
1841 2553 1964 2596 quibus
1986 2553 2125 2596 placide
2146 2563 2223 2586 n·

374 2615 490 2642 tamen
514 2608 702 2641 efficaciter
724 2607 975 2649 respondebat3
1000 2607 1067 2640 hec
1084 2608 1174 2639 enim
1191 2617 1328 2650 semper
1344 2613 1418 2640 erat
1441 2607 1534 2639 facie
1557 2606 1688 2646 hilaris,
1712 2613 1827 2639 mente
1850 2607 1977 2649 quieta,
2002 2616 2198 2650 corporequ
2207 2628 2223 2649 ἢ,

376 2664 520 2699 decora;
546 2660 814 2699 Theutonicam‚
831 2661 1086 2704 Francigenam
1102 2666 1136 2693 et
1150 2660 1419 2693 Lombardicam
1435 2660 1565 2702 optime
1581 2660 1679 2692 novit
1694 2660 1858 2703 linguam.
1904 2660 2001 2692 Inter
2016 2664 2174 2703 ceterasq
2203 2666 2222 2684 ἰ
2264 2656 2266 2662 ⁴

377 2716 536 2748 nationes
566 2714 655 2747 fovit
686 2723 805 2746 amore
835 2714 1005 2756 precipuo
1036 2713 1300 2757 Longobardos.
1345 2714 1398 2745 De
1429 2713 1507 2746 viro
1539 2719 1652 2746 autem
1684 2714 1786 2746 huius
1816 2713 1997 2746 Comitisse
2027 2711 2188 2746 Mathil··

373 2774 466 2801 extat
489 2769 526 2800 in
557 2767 675 2801 dubio.
722 2766 791 2799 Per
812 2768 880 2799 hec
913 2768 1004 2800 enim
1036 2767 1143 2800 verba
1174 2767 1311 2800 videtur
1341 2767 1444 2799 huius
1473 2766 1614 2800 historie
1645 2767 1794 2809 scriptor
1827 2766 1969 2799 innuere
2001 2766 2175 2800 Comi:..;2

375 2822 466 2853 hanc
490 2831 560 2853 non
583 2820 743 2854 habuisse
773 2820 943 2859 maritum,
975 2831 1052 2853 cum
1076 2820 1111 2852 in
1142 2820 1365 2864 sequentibus
1395 2820 1500 2853 etiam
1524 2821 1619 2863 quod
1651 2820 1819 2858 habuerit,
1851 2819 1907 2852 vel
1930 2819 2020 2852 filios
2050 2818 2216 2863 geuueri

376 2874 505 2907 nullam
529 2874 615 2906 facit
639 2874 861 2907 mentionem.
909 2873 1079 2906 Scribitur
1101 2879 1215 2906 tamen
1239 2873 1274 2905 in
1290 2873 1389 2912 libro,
1413 2874 1474 2916 qui
1489 2872 1619 2906 dicitur
1642 2873 1745 2915 copia
1767 2872 1930 2905 Landulfi
1953 2871 1998 2904 de
2022 2872 2057 2905 S.
2074 2871 2184 2904 Paulo
2194 2869 2219 2918 ¹]
2265 2891 2266 2894 =

466 2989 475 3006 ²
494 2987 531 3014 P'
549 2991 610 3016 dice
633 2990 713 3015 “tres
732 2993 799 3015 sunt
818 2991 886 3016 Inde
906 2991 1033 3016 onustati
1059 2991 1152 3023 clipeo
1164 3008 1178 3022 ‚,
1198 2990 1236 3024 (l).
1328 2992 1357 3017 S.
1376 2992 1474 3022 Paulo,
1492 2999 1507 3016 e
1520 2991 1549 3015 lo
1563 2992 1652 3016 stesso
1672 2990 1769 3022 cappla
1783 2993 1805 3014 si
1820 2991 1911 3022 rlpete
1931 2990 2019 3022 poche
2033 2989 2113 3022 righe
2126 2990 2222 3014 sotto-'⁴

466 3030 477 3048 ²
495 3031 507 3056 1
527 3032 580 3057 due
600 3033 691 3058 codici
713 3033 818 3058 dicono
838 3033 936 3059 invece
962 3033 1059 3065 cappia
1086 3034 1214 3067 Landolfi
1237 3034 1270 3058 de
1325 3041 1368 3058 ma
1387 3032 1402 3059 e
1423 3034 1457 3058 da
1478 3033 1614 3065 preterire
1634 3033 1660 3057 la
1681 3033 1792 3057 lezione
1811 3032 1887 3063 copia
1906 3031 1951 3056 del
1972 3039 2021 3056 ms.
2041 3030 2203 3057 Florentln
2218 3045 2225 3062 s
