2288 3476
716 281 951 328 ΕΡΙΤΟΜΕ
979 291 1316 328 POLIRONESE
1514 270 1516 272 ’
1866 289 1932 324 121

47 405 80 461 '⁸334
93 411 179 445 fecit
201 411 236 444 in
258 411 390 455 Papam
412 412 586 453 benedici,
604 418 638 445 et
653 412 698 446 ab
713 413 788 455 ipso
804 413 840 445 in
857 413 914 446 die
931 419 1051 446 sancto
1068 413 1177 446 Pasce
1201 412 1335 455 imperii
1358 412 1531 456 dyadema
1554 411 1715 454 suscepit.
1761 410 1943 443 Mathildis

41 471 208 503 ,αυτειιι
239 466 432 505 Comitissa,
463 466 527 498 hec
559 473 593 499 et
623 467 819 499 huiusmodi
850 472 928 499 acta
959 466 1160 505 abhorrens,
1191 477 1281 509 pape
1312 476 1449 509 semper
1479 465 1640 498 adhaesit
1671 464 1853 508 Gregorio,
1880 473 1943 506 per

46 511 81 551 'ss's
93 524 165 552 tres
179 529 314 551 menses
328 519 483 552 retinens
498 519 689 552 honorifice
705 520 741 552 in
757 520 887 562 oppido
904 519 1089 557 Canusino,
1106 520 1166 562 qui
1184 518 1392 552 Canusinam
1415 519 1519 552 etiam
1543 518 1719 551 dedicavit
1742 517 1941 550 ecclesiam:

69 582 83 602 <-
93 577 128 604 et
150 571 318 604 libertatis
340 572 525 616 privilegio
549 572 701 605 dotatam
716 584 791 605 eam
807 573 893 605 fecit
908 573 1107 611 immunem,
1124 582 1215 605 anno
1232 572 1311 605 Filii
1325 572 1394 605 Dei
1410 572 1586 604 humanati
1609 571 1790 604 millesimo
1805 576 1944 613 septua-

72 635 76 646 1
91 624 224 670 gesimo
239 624 396 667 septimo.
442 625 589 658 Monitis
603 631 718 658 tamen
741 626 948 659 salutaribus
971 626 1191 659 Comitissam
1214 625 1381 663 imbuens,
1405 631 1441 658 et
1463 625 1591 657 divinis
1614 624 1810 667 praeceptis
1832 623 1941 656 infor-

38 675 40 706 ἶ
74 683 188 711 ἱιιιαηε
209 677 377 711 valedixit
407 677 451 716 ei,
475 685 509 711 et
532 679 683 712 Romam
713 679 886 721 perrexit;
910 679 966 712 cui
996 679 1096 722 plebs
1127 688 1270 711 romana
1301 689 1379 711 cum
1409 678 1532 722 grandi
1564 677 1774 711 exultatione
1805 676 1941 710 obviam

70 730 162 773 ,ivit‚
186 741 264 763 eum
287 730 323 763 in
346 737 518 773 pastorem
541 732 704 774 suscepit.
749 732 829 774 Ipse
852 742 936 764 vero
961 742 1080 764 omnes
1102 731 1303 774 imperatori
1326 732 1551 765 adversantes
1575 730 1723 764 absolvit
1753 730 1797 763 ab
1819 730 1943 762 infide-

66 783 198 822 =Ilitate,
221 789 255 816 et
277 783 439 826 periurio.
487 783 594 822 Quod
618 784 808 826 imperator
831 794 1025 827 agnoscens
1049 795 1128 816 cum
1152 784 1266 816 valido
1292 784 1448 817 exercitu
1471 784 1610 816 intravit
1638 783 1774 816 Italiam
1798 792 1942 826 eamque

36 838 37 859 ἒ
65 847 77 878 ᾖς
90 842 309 880 pervagatus,
341 837 484 869 castella
513 837 632 880 fregit,
657 843 691 870 et
723 838 864 879 oppida,
896 837 969 869 sola
1000 843 1114 870 tamen
1137 837 1169 869 ei
1201 837 1327 870 restitit
1357 837 1539 870 Comitissa
1570 836 1763 870 Mathildis.
1810 837 1942 870 Contra

56 925 58 929 ,
89 899 193 933 quam
209 889 397 931 imperator
419 900 545 933 magna
561 890 794 922 exardescens
809 890 845 922 in
867 890 929 928 ira,
953 890 1083 922 excitat
1105 890 1270 922 adversus
1295 901 1370 922 eam
1394 890 1515 932 prelia,
1539 896 1755 933 terroresque
1779 889 1943 927 immittit,

64 947 75 982 f,
91 948 127 976 et
148 942 351 975 obsidiones
381 942 544 981 minatur3
567 943 629 976 sed
661 953 740 975 cum
764 944 879 975 eidem
910 942 1092 977 Comitisse
1123 943 1386 976 innumerabilia
1409 949 1523 976 essent
1553 943 1706 986 presidia
1730 943 1773 976 ab
1795 944 1944 986 impera-

89 995 174 1030 toris
196 995 476 1038 oppressionibus
499 1007 639 1038 semper
660 1002 797 1029 strenue
813 1006 850 1028 se
867 996 1038 1029 defendit.
1085 997 1191 1035 Quod
1208 997 1400 1038 Imperator
1423 997 1619 1035 advertens,
1642 1008 1722 1030 mox
1745 996 1944 1039 properavit

57 1060 73 1091 ‚j
90 1049 136 1083 sd
158 1048 303 1087 Urbem,
327 1059 440 1092 quam,
464 1059 542 1082 cum
566 1049 631 1082 sibi
648 1060 718 1082 non
735 1055 992 1092 optemperaret
1015 1050 1061 1081 ad
1085 1056 1213 1087 votum,
1236 1049 1419 1082 obsidione
1443 1049 1593 1091 vallavit,
1617 1060 1761 1092 eamque
1787 1050 1944 1092 depopu-

50 1109 64 1118 ⁵
87 1102 176 1136 latus
199 1107 262 1140 est,
286 1107 322 1134 et
344 1102 481 1135 moenia
504 1101 611 1134 multa
635 1102 783 1144 dirupit;
814 1108 937 1144 postea
960 1101 1056 1134 Urbe
1089 1101 1231 1134 obtenta
1260 1102 1375 1134 statuit
1398 1102 1434 1133 in
1459 1113 1510 1140 ea,
1541 1108 1578 1134 ut
1601 1102 1733 1135 dictum
1758 1108 1820 1141 est,
1853 1101 1941 1135 Gui-

54 1148 73 1182 .'‘.
87 1155 225 1188 bertum
249 1155 448 1197 antipapam
471 1154 685 1188 Clementem
708 1154 929 1198 appellatum.
978 1155 1166 1198 Gregorius
1188 1166 1273 1187 vero
1296 1166 1388 1197 papa
1418 1155 1472 1187 his
1501 1155 1655 1198 graviter
1679 1156 1843 1197 offensus,
1867 1155 1943 1188 Ro-

88 1208 223 1242 bertum
259 1208 442 1242 Guiscardi
473 1207 620 1251 Apuliae
651 1208 837 1240 Dominum
868 1208 905 1239 in
936 1218 1033 1240 suum
1064 1208 1227 1241 auxilium
1260 1208 1428 1241 evocavit.
1476 1209 1591 1247 Quem
1624 1219 1702 1241 cum
1735 1209 1778 1241 de
1811 1207 1941 1251 Apulia

2 1288 3 1295 ,
88 1261 287 1294 venientem
311 1261 497 1303 imperator
521 1261 683 1299 audisset,
708 1262 751 1294 ab
775 1261 872 1294 Urbe
897 1261 1064 1294 discessit.
1111 1261 1183 1294 Sed
1207 1261 1395 1294 Guibertus
1425 1261 1590 1304 antipapa
1613 1261 1753 1304 premiis
1778 1267 1812 1294 et
1844 1262 1943 1294 donis

68 1316 74 1339 ³*
89 1314 335 1358 imperatorem
357 1314 513 1347 alliciens
535 1315 690 1347 invasam
715 1313 818 1347 Sedis
841 1313 1065 1356 Apostolicae
1097 1315 1298 1347 cathedram
1329 1314 1521 1353 detinebat,
1549 1315 1609 1357 qui
1639 1315 1819 1356 pravitatis
1842 1315 1942 1347 here-

52 1366 60 1411 }
89 1368 182 1402 tiene
205 1367 304 1400 limes
334 1367 496 1407 effectus,
526 1367 650 1401 multos
681 1367 716 1399 in
739 1367 837 1400 Urbe
868 1374 903 1400 et
925 1367 1009 1400 orbe
1040 1368 1171 1410 pariter
1201 1367 1353 1401 viciavit.
1401 1368 1478 1410 Ipse
1510 1368 1600 1400 enim
1634 1367 1750 1399 divina
1780 1368 1943 1400 mandata

89 1431 273 1464 seponens,
305 1421 400 1466 leges
430 1431 547 1454 sacras
578 1421 832 1463 prevaricabat‚
863 1422 930 1453 Dei
961 1421 1129 1454 ecclesias
1160 1421 1378 1454 destruebat:
1411 1422 1618 1465 Gregorium
1649 1431 1787 1464 quoque
1817 1431 1944 1464 papam

88 1475 253 1508 severiter
274 1480 486 1517 persecutus,
504 1474 629 1507 multos
645 1474 840 1517 Episcopos
856 1481 891 1507 et
905 1475 996 1507 viros
1012 1475 1206 1508 catholicos
1228 1475 1346 1518 flagris
1369 1475 1499 1514 afflixit,
1516 1480 1550 1507 et
1566 1484 1743 1507 carcerum
1769 1475 1942 1518 squallore

33 1521 38 1573 ι’
54 1527 288 1566 =³maceravit,
310 1527 484 1571 imperiali
507 1527 628 1560 favore
653 1528 822 1560 suffultus.

924 1607 1028 1641 CAP.
1053 1608 1097 1643 X.

88 1679 145 1713 De
167 1679 336 1716 thesauro,
359 1690 456 1722 quem
480 1679 575 1711 misit
604 1679 708 1722 Pape
738 1682 805 1722 pro
834 1679 993 1712 Ecclesia
1021 1679 1207 1712 Carmssina
1237 1681 1285 1711 ad
1312 1680 1513 1712 instantiam
1544 1679 1719 1712 comitisse
1749 1680 1940 1712 Mathildis.

35 1812 65 1823 ‚⁷
175 1776 272 1810 Inter
294 1777 361 1809 hec
384 1776 567 1810 Comitissa
589 1775 780 1815 Mathildis,
804 1777 863 1819 pio
897 1777 1004 1809 corde
1034 1777 1182 1820 flagrans
1205 1776 1371 1810 adversus
1401 1778 1656 1820 imperatorem,
1681 1784 1715 1810 et
1739 1777 1941 1810 Guibertum

34 1823 60 1866 ¹11²
90 1830 298 1874 antipapam,
330 1835 409 1863 acta
439 1840 557 1863 eorum
589 1830 790 1868 abhorrens,
821 1830 932 1872 prelia
962 1831 1070 1863 multa
1093 1831 1210 1874 gessit,
1235 1836 1269 1863 et
1294 1841 1528 1874 quoscumque
1559 1831 1591 1863 ei
1622 1831 1847 1863 adversantes
1877 1842 1941 1873 pro

58 1889 65 1895 ⁰
89 1893 191 1926 posse
214 1883 385 1917 confovit.
432 1883 512 1926 Ipsa
536 1882 627 1914 enim
651 1883 839 1924 episcopis,
864 1882 1012 1923 clericis,
1036 1884 1226 1922 monachis,
1258 1884 1464 1927 cunctisque
1493 1890 1567 1916 erat
1590 1884 1659 1916 fida
1690 1883 1798 1916 tutela
1823 1884 1942 1915 catho-

51 1943 67 1979 (1]
91 1936 178 1969 licis.
224 1937 313 1969 Nam
337 1946 424 1979 quos
446 1937 484 1968 in
508 1937 574 1968 hac
598 1936 757 1978 procella
779 1936 993 1969 desidiorum
1017 1936 1204 1980 imperator
1234 1937 1431 1975 damnabat,
1458 1937 1641 1980 spoliabat,
1664 1943 1699 1969 et
1722 1937 1827 1969 exilio
1850 1936 1942 1969 redi-

16 2006 17 2035 ;
64 2001 65 2005 ¹
89 1989 205 2035 gebat,
228 1991 276 2023 ad
299 2000 375 2022 eam
398 1995 628 2027 recurrentes,
658 1989 812 2033 benigno
836 1999 896 2022 eos
919 1990 1097 2029 solamine,
1121 1996 1155 2022 et
1182 1990 1310 2023 salubri
1342 1990 1469 2022 auxilio
1500 1990 1693 2023 refovebat.
1741 1990 1836 2023 Inter
1858 2000 1944 2033 quos

15 2037 17 2058 ¹⁴
51 2034 58 2040 ⁸
89 2042 150 2076 ille
172 2043 383 2076 venerabilis
406 2043 458 2075 vir
473 2041 659 2076 Anselmus
683 2043 832 2075 lucensis
856 2043 1052 2085 episcopus,
1068 2043 1127 2086 qui
1149 2043 1288 2076 natione
1312 2044 1581 2076 mediolanensis
1603 2049 1725 2086 postea
1747 2055 1841 2086 papa
1864 2043 1940 2081 fuit,

64 2119 77 2132 2
90 2089 234 2131 vocatus
255 2097 460 2129 Alexander
482 2097 584 2129 huius
606 2096 755 2129 nominis
778 2096 952 2128 secundus
965 2095 985 2128 ¹.
1033 2095 1099 2128 Cui
1114 2097 1208 2129 idem
1226 2097 1413 2140 Gregorius
1428 2097 1497 2130 V11
1513 2102 1657 2139 paterno
1675 2107 1751 2129 eam
1768 2107 1941 2129 commen-

92 2149 188 2183 davit
209 2150 353 2191 affectu,
376 2156 414 2182 ut
436 2150 546 2192 ipsam
569 2149 641 2182 suis
656 2149 850 2182 salubribus
866 2149 1014 2188 monim,
1031 2156 1066 2182 et
1088 2149 1246 2193 benignis
1263 2151 1513 2194 dogmatizaret
1535 2150 1711 2192 exemplis.
1751 2151 1829 2192 Ipsa
1853 2150 1943 2182 enim

37 2231 52 2244 „
91 2203 273 2237 Comitissa
296 2213 375 2235 cum
399 2204 523 2236 eodem
554 2203 721 2236 Anselmo
744 2203 923 2246 episcopo,
950 2204 1010 2246 qui
1032 2209 1114 2236 tunc
1146 2203 1182 2234 in
1205 2203 1438 2237 Lombardiae
1470 2203 1626 2245 partibus
1658 2203 1821 2246 Gregorii
1853 2214 1942 2246 pape

53 2275 59 2283 -2
90 2261 164 2289 erat
194 2255 367 2294 Vicarius,
398 2257 597 2289 thesaurum
628 2256 778 2288 ecclesie
810 2257 990 2288 canussine
1021 2256 1212 2298 postulavit
1241 2256 1361 2289 abbati
1394 2257 1554 2289 Gerardo
1590 2257 1745 2289 eiusdem
1779 2258 1941 2295 ecclesie,

26 2319 61 2347 ’φ
90 2317 128 2342 ut
161 2309 274 2342 eidem
308 2300 399 2352 pape
433 2309 644 2353 dirigeretur
677 2319 742 2352 pro
777 2309 982 2341 defensione
1019 2320 1161 2342 romane
1200 2309 1362 2342 Ecclesie
1397 2316 1541 2352 propter
1579 2310 1868 2353 persecutionem,
1903 2316 1942 2343 ut

54 2381 61 2404 ;
89 2363 220 2396 dictum
253 2369 315 2402 est,
339 2363 493 2396 eiusdem
518 2363 679 2396 Guiberti
704 2363 863 2395 heretici.
909 2362 975 2396 Cui
999 2363 1160 2405 petitioni
1182 2363 1274 2395 idem
1299 2362 1408 2396 abbas
1431 2373 1510 2395 cum
1541 2373 1649 2407 grege
1672 2363 1736 2396 sibi
1762 2364 1941 2396 commisso

55 2409 61 2435 ‘³
88 2426 153 2459 pro
184 2416 388 2458 Apostolice
420 2415 523 2449 Sedis
554 2416 750 2448 reverentia
779 2415 930 2448 libenter
960 2416 1090 2454 annuit,
1121 2421 1157 2448 et
1186 2417 1386 2449 thesaurum
1418 2417 1580 2449 alacriter
1610 2417 1745 2454 obtulit,
1775 2417 1942 2450 videlicet

57 2475 64 2498 ἶ“
89 2479 237 2503 coronas
259 2479 366 2502 xxnn
391 2475 426 2502 et
449 2480 518 2502 una
549 2469 685 2502 illarum
713 2475 787 2502 erat
817 2480 936 2509 aurea,
960 2480 1038 2502 cum
1070 2470 1246 2503 crucicula
1268 2481 1338 2503 una
1367 2470 1491 2503 itidem
1521 2481 1637 2508 aurea,
1660 2477 1695 2503 et
1726 2471 1794 2503 due
1825 2471 1942 2504 tabule

49 2518 61 2569 J
89 2522 205 2556 altaris
227 2528 404 2567 argentee,
427 2528 463 2555 et
485 2528 690 2565 coopertura
714 2523 848 2566 argenti
870 2533 952 2555 arce
984 2523 1102 2555 altaris
1124 2523 1160 2556 S.
1184 2522 1375 2566 Apollonii,
1399 2529 1434 2556 et
1456 2525 1589 2567 grande
1614 2523 1799 2556 turibulum
1815 2534 1941 2567 argen-

46 2610 52 2617 β
92 2581 203 2614 teum;
227 2576 322 2619 quod
344 2582 452 2609 totum
476 2576 673 2608 thesaurum
697 2576 917 2608 canussinum
940 2576 1159 2620 septingente
1191 2577 1334 2609 fuerunt
1356 2577 1444 2609 libre
1467 2577 1618 2620 argenti,
1641 2583 1676 2609 et
1699 2587 1823 2610 novem
1854 2578 1940 2610 auri.

58 2662 61 2664 ,
91 2628 173 2668 Quo
196 2629 345 2662 Romam
374 2629 572 2662 transmisso
603 2635 751 2673 rogante
781 2629 975 2668 Comitissa,
1006 2629 1098 2662 idem
1130 2629 1318 2662 Anselmus
1348 2630 1530 2673 episcopus
1561 2641 1651 2673 pape
1683 2630 1854 2671 Vicarius,
1877 2642 1940 2674 pro

52 2689 60 2717 :²
91 2682 305 2726 aliquantula
327 2682 578 2716 restauratione
603 2681 709 2715 ablati
733 2682 895 2722 thesauri,
919 2683 1005 2716 duas
1020 2683 1183 2725 Capellas
1207 2682 1241 2714 in
1265 2683 1380 2716 Filina
1397 2689 1431 2716 et
1454 2695 1557 2716 unam
1581 2684 1618 2716 in
1641 2683 1768 2716 Casula
1791 2685 1941 2718 ecclesie

92 2736 275 2768 canussine
305 2735 495 2778 supposuit.
548 2735 640 2768 Acta
670 2741 750 2768 sunt
779 2736 846 2768 hec
878 2746 969 2769 anno
1000 2736 1129 2769 domini
1160 2736 1342 2769 millesimo
1373 2737 1603 2780 octogessimo
1635 2746 1661 2769 11
1677 2737 1699 2768 ².
1762 2737 1845 2770 Post
1874 2739 1941 2772 hec

46 2888 49 2891 Δ
177 2855 187 2872 ¹
205 2855 393 2882 Stranissimo
412 2864 507 2882 errore
520 2857 549 2882 di
564 2857 740 2883 confundere
754 2857 775 2882 il
789 2864 912 2882 vescovo
926 2865 988 2882 san·
1135 2856 1146 2873 ²
1165 2856 1204 2882 Le
1224 2860 1352 2891 seguenti
1374 2860 1484 2883 notizIe
1503 2866 1575 2884 sono
1596 2866 1675 2891 prese
1694 2859 1752 2884 alla
1772 2859 1874 2885 lettera
1893 2860 1940 2885 dal

46 2903 50 2912 ⁵
89 2898 249 2924 t’Anselmo
269 2907 322 2924 con
343 2906 393 2924 suo
412 2901 469 2930 zio,
489 2907 559 2932 pure
578 2898 717 2924 Anselmo
737 2900 764 2924 di
787 2907 877 2931 nome,
894 2900 943 2924 che
958 2900 988 2924 su
1044 2900 1217 2925 documento
1237 2900 1281 2924 del
1301 2902 1396 2925 tesoro
1415 2902 1443 2925 di
1466 2901 1594 2926 Canossa
1615 2902 1728 2926 inviato
1747 2908 1763 2925 a
1776 2901 1876 2933 Roma,
1891 2902 1940 2927 che

46 2950 52 2968 ³,
89 2940 113 2965 ll
131 2948 206 2973 papa
225 2941 398 2966 Alessandro
417 2941 456 2970 11;
477 2948 545 2974 pare
570 2939 629 2966 cosi
656 2942 705 2966 che
728 2941 870 2974 Gregorio
890 2942 985 2966 mandi
1042 2943 1071 2965 vi
1087 2940 1101 2966 ὲ
1123 2942 1168 2965 nel
1189 2941 1287 2966 codice
1306 2942 1449 2967 Vaticano
1469 2943 1501 2967 ed
1521 2941 1536 2967 ὲ
1556 2944 1699 2975 riportato
1718 2943 1748 2967 in
1769 2943 1839 2968 tutti
1859 2944 1868 2967 i
1895 2951 1940 2968 co-

54 2984 57 3010 Ϊ
89 2984 188 3015 questo
202 2990 253 3008 suo
272 2984 476 3016 predecessore,
495 2990 510 3008 e
529 2984 630 3015 quindi
645 2981 694 3015 gia
713 2986 814 3015 morto,
835 2991 851 3008 a
864 2983 987 3015 dirigere
1043 2985 1099 3008 dici
1121 2983 1275 3015 dell'opera
1296 2985 1324 3008 di
1345 2985 1504 3009 Donizone.
1540 2985 1576 3009 Vi
1597 2992 1643 3009 era
1662 2985 1764 3017 quindi
1784 2986 1873 3010 anche
1894 2987 1938 3010 nel
1971 2993 2002 3011 ro

48 3046 55 3058 ,ἢ
89 3023 227 3050 Matildet
247 3025 289 3050 Lo
308 3027 399 3051 stesso
418 3033 521 3056 errore,
542 3033 595 3060 pur
614 3025 860 3055 dubbiosamentc,
878 3024 893 3050 ὲ
913 3026 986 3059 ripe·
1043 3026 1140 3050 codice
1160 3027 1242 3050 usato
1269 3026 1316 3050 dal
1341 3027 1540 3059 compilatore,
1561 3034 1639 3052 come
1660 3028 1761 3052 insatti
1775 3026 1789 3052 ὲ
1809 3028 1884 3053 nella
1898 3036 1941 3053 co-=

48 3067 54 3092 ἱ
90 3067 156 3091 tuto
176 3066 225 3099 pii:
246 3069 331 3095 sotto.
1045 3068 1094 3101 pia
1113 3067 1291 3093 Pollronese.
