2288 3476
366 491 419 518 995

352 758 422 776 1000

348 1026 416 1051 ¹0⁰5

350 1291 420 1310 1010

350 1558 417 1585 ¹0¹5

353 1825 421 1844 1020

351 2262 420 2295 1925

468 370 574 410 Illius,
597 381 742 414 parvum
765 370 831 404 sibi
854 370 944 403 fecit
966 369 1091 403 vulnus
1113 376 1148 403 et
1171 375 1299 406 artum

465 423 665 467 Intrepidus
688 423 802 457 stabat
825 424 915 457 laeta
937 423 1030 456 facie
1052 433 1157 466 super
1180 432 1274 455 aram

466 477 606 516 Christi,
629 477 828 510 Bernardus
850 477 996 520 patiens,
1020 477 1168 519 sapiens,
1190 475 1419 508 venerandus.

467 531 555 564 Cum
579 530 668 564 vidit
691 531 813 574 vulgus
835 531 952 564 ridere
976 540 1074 563 suum
1099 529 1195 573 quasi
1218 528 1361 566 vultum,

466 584 637 617 Clamavit
660 584 802 617 dicens:
833 586 847 602 “
861 583 1022 626 Speciem
1046 581 1159 616 zabuli
1181 581 1272 626 gerit
1293 583 1368 620 iste,

470 637 485 653 ⁴⁴
499 637 660 671 Tollatur
683 637 808 675 statim,
832 637 996 670 tundatur
1020 645 1162 669 carcere
1186 635 1304 678 flagris
1317 658 1348 675 „,

467 690 660 733 Iniecitque
683 701 820 723 manum
843 700 948 732 super
970 689 1083 732 ipsum
1106 689 1192 721 civis
1214 687 1363 727 avarus‚'

467 743 512 776 Et
534 744 620 776 foris
642 750 830 787 asportant.
876 743 954 775 Heu
976 743 1079 775 missa
1102 741 1307 785 relinquitur
1331 746 1418 784 orta,

468 797 549 830 Non
571 797 732 830 dominae
756 807 903 841 magnae
927 796 1091 828 dormitio
1114 795 1270 838 Virginis
1293 795 1415 834 almae,

464 850 545 883 Non
569 850 677 883 altare
700 850 777 889 Dei,
801 850 864 883 sed
887 860 953 882 uec
976 849 1170 882 reverentia
1194 847 1303 887 Petri,

464 903 604 937 Terruit
625 904 716 936 hanc
739 909 882 947 gentem
904 903 1101 945 pharisaica
1128 902 1223 934 facta
1245 908 1469 945 sequentem;

465 956 669 1001 Cappellam
692 963 798 990 totam
823 967 926 1000 quam
948 955 1138 998 prebuerat
1162 955 1359 997 preciosam

464 1011 555 1043 Huic
579 1011 706 1044 domno
730 1010 838 1052 digno
863 1009 1035 1042 comitissa
1057 1008 1252 1047 Mathildis,
1276 1008 1311 1040 in
1334 1008 1410 1050 ipso

465 1064 616 1107 Templo
640 1063 825 1096 confestim
847 1062 962 1105 rapuit
984 1061 1083 1105 plebs
1107 1061 1266 1104 pessima,
1291 1061 1408 1104 fregit.

468 1117 626 1150 Nuncius
649 1127 668 1148 e
691 1116 799 1149 multo
822 1114 950 1154 vicino,
974 1125 1075 1147 mane
1098 1114 1263 1152 secundo,

466 1169 620 1209 Scilicet,
644 1169 690 1202 ad
712 1170 881 1213 grandem
904 1168 1122 1201 Comitissam
1144 1168 1250 1206 venit,
1273 1174 1309 1200 et
1331 1167 1422 1200 hanc
1447 1177 1519 1199 rem

466 1222 668 1256 Notificavit
691 1223 740 1260 εἰς
764 1232 854 1265 quae
878 1222 965 1255 dans
988 1221 1134 1264 suspiria
1156 1220 1262 1258 flevit,

464 1276 582 1320 Atque
605 1277 658 1309 sui
681 1276 790 1309 fortes
813 1275 964 1307 athletae
988 1274 1090 1307 iussit
1113 1280 1152 1307 ut
1168 1284 1288 1307 omnes

465 1329 644 1364 Adversus
666 1329 827 1362 Parmam
851 1329 1033 1361 deferrent
1055 1327 1194 1360 insimul
1217 1338 1330 1365 arma3

464 1383 568 1416 Fines
590 1389 673 1416 tunc
696 1392 821 1425 nempe
843 1382 1041 1415 retinebant
1064 1381 1156 1414 hanc
1178 1380 1403 1415 Motinenses.

463 1437 513 1471 Ut
535 1436 680 1469 volucer
701 1436 821 1479 veloxss
830 1436 899 1469 cito
923 1445 1074 1478 pergens
1096 1435 1184 1468 haec
1207 1436 1266 1477 pia
1289 1445 1385 1474 vero,

465 1491 589 1523 Parma
612 1491 672 1524 die
697 1497 794 1523 terna
817 1500 927 1532 prope
951 1489 1057 1522 sensit
1082 1499 1170 1527 eam,
1194 1490 1291 1521 timet
1314 1499 1357 1522 ex
1381 1500 1461 1532 qua,

465 1543 650 1578 Nobilibus
674 1544 779 1576 vassis
803 1543 893 1576 illius
916 1542 1067 1576 reddere
1090 1543 1205 1576 statim

466 1597 597 1631 Iniuste
620 1603 760 1640 captum
785 1597 921 1630 studuit
943 1607 1046 1639 supra
1073 1597 1257 1635 titulatum,

465 1650 510 1683 Et
531 1651 691 1684 dominae
714 1657 876 1682 cunctam
900 1650 1095 1693 cappellam
1119 1650 1286 1688 reddidit,
1309 1649 1409 1682 ultra'

466 1704 547 1737 Non
571 1703 703 1747 aliquid
725 1703 890 1741 retinens,
914 1704 1025 1736 vitare
1048 1703 1181 1746 pericla
1203 1701 1419 1746 requirens'3

467 1756 568 1796 Quae
591 1767 662 1790 non
684 1757 835 1795 vitasset,
860 1757 927 1789 nisi
950 1757 1004 1790 vir
1026 1757 1163 1799 patiens
1185 1757 1391 1789 adamasset.

465 1811 607 1844 Civibus
629 1811 775 1844 indulsit
797 1810 972 1844 comitissa
993 1810 1178 1843 Mathildis
1202 1817 1236 1843 et
1259 1810 1338 1844 urbi

465 1866 562 1898 Iussu
584 1863 768 1904 Bernardi,
790 1864 888 1897 cuius
909 1865 1039 1906 pietate
1065 1864 1247 1902 remansit3

465 1918 566 1951 Mille
589 1918 656 1950 Dei
679 1918 750 1951 nati
773 1924 857 1951 tunc
882 1923 1022 1950 centum
1045 1923 1207 1960 quattuor
1230 1917 1320 1950 anni.

697 2052 778 2086 XV.
801 2052 856 2085 De
878 2052 969 2084 obitu
989 2052 1092 2095 regis
1115 2051 1290 2085 Heinrici.

555 2141 677 2174 Dictus
699 2141 768 2174 iam
795 2141 927 2174 dudum
949 2151 1011 2173 rex
1034 2151 1103 2184 quo
1127 2140 1172 2172 sit
1195 2140 1264 2173 fine
1287 2140 1427 2179 solutus,

466 2194 612 2228 Scilicet
635 2194 819 2233 Hemicus,
843 2194 923 2227 volo
947 2194 1065 2228 mundi
1091 2194 1204 2226 discat
1225 2194 1372 2230 amicum

467 2248 554 2281 Cum
577 2248 705 2286 scierit,
730 2254 850 2281 noscat
873 2248 1075 2281 faciendum
1099 2247 1183 2291 quid
1205 2247 1274 2280 sibi
1300 2253 1447 2280 constat.

464 2301 543 2334 Rex
566 2311 671 2344 supra
693 2302 787 2334 fatus
810 2301 932 2334 vivens
955 2306 1031 2333 erat
1053 2301 1259 2345 illaqueatus

466 2353 615 2387 Actibus
637 2355 674 2386 in
696 2354 823 2397 pravis,
846 2354 954 2387 semel
978 2359 1015 2386 at
1037 2364 1074 2387 se
1099 2354 1328 2387 dissimulavit

465 2409 642 2447 Converti,
665 2408 772 2450 pleno
796 2409 891 2452 quod
915 2408 1001 2441 fecit
1025 2408 1132 2440 corde
1157 2418 1309 2446 venen03

466 2462 690 2495 Scismaticos
713 2471 851 2504 semper
874 2461 993 2500 coluit,
1016 2461 1195 2505 tenuitque
1221 2461 1378 2494 libenter.

2010 756 2029 770 ε.
2044 755 2091 774 75r

1978 1656 2053 1679 Mun„
2069 1661 2106 1680 ³77

2011 1768 2032 1786 Ε.
2047 1767 2093 1787 75¹¹

75 2636 77 2638 ¹
154 2614 182 2632 v.
209 2605 271 2638 999)
299 2605 460 2637 L’Epitome
487 2609 633 2637 parmense
661 2604 721 2630 cosi
748 2605 828 2630 dice:
857 2604 965 2630 “Unde

16 2680 18 2683 .
63 2640 65 2643 Ι
94 2654 167 2674 unus
186 2648 220 2673 de
239 2647 352 2673 civibus
371 2655 473 2672 avarus
495 2648 596 2672 iniecit
616 2654 731 2672 manum
757 2655 840 2680 super
858 2647 966 2672 dictum

15 2716 17 2722 „
52 2696 54 2698 ’
94 2689 287 2720 ΟιῐᾶίηαΙοω,
305 2692 334 2715 et
354 2690 426 2715 soris
446 2689 480 2714 de
499 2690 580 2714 dicta
605 2689 726 2714 ecclesla
751 2697 813 2714 eum
841 2691 967 2723 asporta-

16 2732 19 2735 ’
71 2729 139 2758 'vlt
149 2749 174 2764 ,,.
211 2732 290 2758 Mun.

17 2802 20 2807 ,
69 2787 72 2791 ·
154 2781 182 2800 v.
201 2773 280 2807 1004)
299 2776 433 2806 capellam
452 2777 543 2804 totam,
557 2775 609 2799 etc.
629 2781 686 2798 uno
706 2773 752 2799 dei
772 2774 847 2799 tanti
860 2775 963 2806 esempi

9 2818 19 2846 ἦ
67 2813 144 2841 deun
161 2814 326 2850 generoslta
344 2816 374 2840 di
394 2815 515 2841 Matilde
536 2817 566 2840 in
587 2816 734 2841 materiale
753 2815 900 2848 liturgico.

51 2863 53 2867 ¹
156 2866 183 2883 v.
202 2857 279 2891 1007)
299 2866 376 2883 mane
398 2859 520 2889 secundo,
541 2858 561 2882 il
585 2865 615 2891 ¹7
639 2860 755 2891 agosto:
779 2857 900 2883 Matilde
919 2865 966 2882 era

8 2907 14 2931 2,
99 2899 162 2925 lon
181 2900 227 2925 nel
245 2901 396 2926 territorio
415 2900 574 2932 modenese,
588 2907 668 2925 come
687 2900 750 2924 dice
769 2897 819 2932 pii:
833 2901 910 2924 sotto
930 2900 966 2925 D.

65 2937 68 2947 ⁴
156 2950 182 2968 v.
192 2941 272 2976 1015)
281 2943 409 2968 nobilibus
421 2943 519 2972 vassis,
530 2943 539 2966 i
550 2942 667 2967 vassalli
679 2942 773 2967 nobili
783 2942 842 2971 che.
853 2942 965 2967 avendo

65 2988 110 3011 ‘nn
129 2984 223 3017 feudo,
233 2985 366 3010 doveano
380 2986 495 3017 portare
509 2984 592 3010 aiuto
605 2985 632 3009 al
646 2984 709 3009 loro
724 2984 843 3017 Signore
856 2984 887 3009 in
901 2991 966 3009 caso

118 3033 228 3059 guerre.
263 3027 341 3052 Mun.
379 3026 480 3051 Parma
493 3033 635 3059 consegna
650 3026 794 3051 Bernardo
808 3028 834 3051 ai
850 3026 966 3051 vassalli

1020 2605 1048 2629 di
1070 2604 1198 2633 Matssde,
1219 2605 1269 2629 che
1288 2612 1416 2630 avevano
1436 2607 1574 2631 mamiato
1594 2607 1668 2631 sulla
1688 2603 1768 2631 cittiz.

1107 2655 1131 2671 v.
1151 2646 1229 2678 1021)
1249 2647 1447 2673 L’Overmann
1462 2647 1515 2680 (op.
1534 2649 1588 2677 cit„
1602 2656 1629 2681 p.
1651 2649 1712 2681 173)
1731 2649 1810 2673 crede
1830 2649 1880 2673 che
1898 2649 1921 2673 11

1020 2690 1069 2722 pio
1090 2691 1253 2715 intervente
1273 2690 1303 2715 di
1322 2691 1467 2716 Bernardo
1493 2691 1629 2716 mascheri
1651 2699 1688 2716 un
1710 2692 1871 2716 insuccesso
1891 2691 1921 2716 di

1021 2732 1149 2764 Matilde,
1170 2732 1221 2757 che
1241 2740 1298 2757 non
1319 2731 1386 2766 pote
1405 2734 1545 2766 castigare
1565 2734 1592 2758 la
1612 2731 1684 2758 citt&
1704 2741 1781 2758 come
1800 2733 1921 2758 avr-ebbe
1951 2737 1980 2764 15

1020 2774 1129 2799 voluto.
1143 2774 1173 2799 Si
1188 2774 1344 2799 dimenticn
1358 2776 1408 2800 che
1421 2775 1543 2800 Matilde
1557 2780 1614 2800 non
1628 2782 1675 2800 era
1690 2775 1787 2800 affatto
1801 2776 1921 2809 signore

1020 2818 1049 2841 di
1069 2816 1184 2841 Parma:
1205 2819 1381 2849 consegnato
1403 2818 1422 2841 il
1444 2817 1598 2842 Cardinale
1616 2824 1631 2842 e
1654 2818 1679 2842 le
1705 2825 1769 2842 cose
1795 2818 1917 2851 predate,

1021 2866 1079 2884 non
1099 2859 1130 2883 vl
1149 2866 1197 2883 era
1216 2856 1268 2891 piii
1286 2867 1323 2884 un
1345 2867 1413 2884 vero
1434 2860 1546 2884 motivo
1566 2860 1594 2884 di
1617 2861 1790 2885 intervento-

1107 2909 1131 2926 τι.
1150 2900 1231 2934 1024)
1248 2902 1261 2926 1
1280 2903 1420 2927 mondani
1440 2903 1586 2934 imparino
1604 2903 1655 2927 che
1674 2903 1728 2928 fine
1748 2903 1831 2928 abbla
1845 2903 1918 2928 tatto

1022 2944 1041 2967 il
1064 2951 1092 2967 re
1112 2943 1228 2968 Enrico.
1947 2952 1981 2970 20

1107 2993 1135 3010 v.
1154 2984 1233 3018 1028)
1251 2985 1358 3010 Enrico
1372 2986 1440 3011 finse
1453 2986 1484 3011 di
1498 2987 1670 3011 convertirsi
1685 2995 1699 3011 a
1713 2986 1856 3012 Canossa:
1871 2988 1918 3012 nel

1021 3035 1079 3059 cap.
1095 3027 1106 3051 1
1120 3027 1151 3052 L.
1165 3033 1200 3058 11,
1215 3027 1247 3052 D.
1266 3035 1333 3061 pare
1347 3029 1447 3053 invece
1461 3028 1543 3054 creda
1556 3029 1667 3054 sincera
1681 3029 1709 3054 ln
1723 3029 1917 3055 conversione.
