2288 3476
372 230 418 267 52
1064 231 1193 267 VITA
1221 230 1515 267 MATHILDIS

647 367 716 394 1320
767 355 781 371 “
794 354 902 386 Plena
925 354 1014 387 dolis
1036 353 1149 386 nimiis
1171 353 1373 396 magnisque
1396 353 1530 396 repleta
1552 353 1709 396 periclis:

769 406 784 424 “
799 406 950 448 Expedit
973 406 1122 439 existant
1143 416 1233 449 quae
1257 412 1336 438 sunt
1358 412 1396 439 ut
1418 406 1585 439 scandala
1607 407 1752 450 scripta,

769 459 783 475 ‘⁴
798 460 874 492 Vae
897 459 959 492 sed
983 459 1015 491 ei
1038 469 1159 500 pravo,
1182 469 1245 501 per
1269 470 1372 502 quem
1395 465 1473 492 sunt
1496 459 1663 493 scandala
1687 460 1812 493 clamo.

770 511 963 545 “Nostrum
987 521 1111 554 nempe
1135 512 1275 544 modum
1299 512 1394 545 Deus
1415 512 1507 545 infit:
1533 513 1636 546 Mitto
1660 512 1818 556 luporum

769 566 836 597 “In
859 565 976 598 medio
1000 575 1062 597 vos
1085 566 1134 598 sic
1158 566 1254 598 velut
1276 576 1396 611 agnos,
1421 566 1570 610 dicoque
1593 566 1703 606 vobis,

649 633 658 650 ι
666 633 715 659 325
768 620 782 635 ‘⁴
796 618 870 651 Vos
893 618 990 661 quasi
1015 625 1192 661 serpentes
1215 620 1405 662 prudentes
1428 618 1592 653 convenit
1614 631 1702 659 esse,

770 673 783 688 “
797 671 927 704 Vivere
951 671 1154 713 simpliciter
1177 672 1284 705 veluti
1308 673 1498 716 vivuntque
1522 672 1717 706 columbae.

768 725 868 756 “Has
890 731 1028 769 gestare
1053 726 1157 758 decet
1178 726 1322 759 virtutes
1344 737 1415 759 non
1438 726 1542 759 modo
1565 725 1672 766 vere,'

198 796 217 810 c.
232 795 279 815 ⁴521
769 780 783 795 ‘⁴
797 777 911 821 Atque
936 789 1076 812 crucem
1100 779 1228 812 Christi
1251 780 1449 813 studeamus
1472 780 1566 813 ferre
1590 786 1662 813 met
1685 780 1760 823 ipsi.

772 833 785 848 “
801 831 881 863 Non
906 841 969 864 nos
992 843 1012 865 a
1035 832 1175 866 Christo
1198 833 1376 866 tribulatio
1398 840 1538 876 separet
1560 834 1627 866 isto

651 899 719 925 ¹330
771 885 983 927 “Tempore‚
1007 886 1070 918 sed
1094 886 1186 919 colla
1210 886 1396 919 subdamus
1420 887 1644 930 membraque
1667 893 1787 920 nostra

770 940 784 955 ‘⁴
800 937 985 982 Martyrio:
1011 938 1118 973 verbo
1142 940 1222 973 fidei
1246 940 1393 973 feriatur
1417 940 1478 973 hic
1501 951 1585 984 ergo

771 994 785 1009 ‘⁴
800 992 969 1025 Ostensus
991 1003 1144 1036 serpens,
1168 993 1228 1034 qui
1251 999 1385 1026 scutum
1409 1000 1521 1037 gestat
1544 1000 1579 1027 et
1602 1005 1722 1027 ensem

766 1045 781 1061 ‘⁴
794 1045 972 1079 Adversus
994 1052 1137 1079 matrem
1162 1047 1356 1081 Romanam
1380 1047 1656 1091 catholicamque

769 1099 1026 1138 “Aecclesiam‚
1049 1100 1180 1134 Christi
1203 1101 1246 1134 de
1270 1101 1437 1145 sanguine
1460 1101 1564 1134 rubra
1586 1101 1775 1145 benigni„-

646 1167 713 1193 1335
759 1152 865 1186 Plura
886 1153 1032 1197 loquens
1055 1164 1156 1197 papa,
1181 1154 1268 1187 dixit
1291 1155 1433 1188 sinodus
1456 1155 1520 1188 sibi
1543 1161 1679 1188 sancta:

769 1209 783 1224 ‘⁴
796 1206 852 1239 Tu
874 1213 975 1249 pater
996 1217 1033 1240 es
1055 1214 1203 1250 patrum,
1228 1208 1463 1251 blasphemum
1488 1214 1630 1242 contere
1652 1220 1813 1251 pravum:

770 1263 784 1278 ¹⁴
797 1260 858 1293 Est
880 1266 1035 1294 nostrum
1059 1261 1188 1305 quippe
1211 1262 1312 1294 iussis
1334 1262 1458 1304 parere
1481 1263 1635 1305 tuisque:

767 1316 782 1331 ⁴⁴
795 1313 865 1346 Pro
889 1314 1027 1347 Christo
1050 1321 1196 1347 mortem
1220 1314 1390 1358 patienter
1411 1315 1590 1359 gliscimus
1612 1327 1741 1355 omnes,

767 1369 780 1384 '⁴
794 1367 965 1400 Iudicium
987 1368 1123 1407 confer,
1147 1368 1300 1411 gladium
1322 1369 1434 1407 trahe,
1458 1374 1602 1412 percute
1626 1369 1753 1402 fortem
1766 1393 1796 1410 „.

648 1436 718 1462 1340
762 1420 932 1454 Omnibus
954 1421 1092 1454 excelse
1116 1422 1259 1465 dignum
1284 1422 1512 1455 clamantibus
1536 1432 1612 1455 esse

761 1474 895 1507 Privati
918 1484 1028 1518 regno
1051 1485 1181 1518 regem,
1203 1475 1413 1508 maledicere
1437 1486 1585 1515 necnon,

761 1527 860 1570 Papa
884 1528 1017 1567 dolens,
1041 1528 1166 1560 vinclis
1190 1529 1420 1561 anathematis
1442 1529 1538 1562 illico
1563 1530 1700 1562 strinxit

762 1581 900 1624 Regem
922 1581 1129 1624 predictum,
1155 1582 1211 1614 cui
1234 1592 1379 1626 regnum
1405 1583 1547 1615 devetat
1570 1582 1694 1626 ipsum.

761 1634 802 1667 In
826 1635 1090 1679 quadragesima
1113 1636 1256 1669 sinodus
1279 1636 1456 1669 celebrata
1480 1637 1518 1669 fit
1540 1637 1616 1669 ista.

644 1703 712 1730 1345
849 1688 938 1727 Quis
960 1689 1098 1722 Petrum
1121 1696 1290 1729 sanctum,
1312 1690 1390 1733 quis
1413 1701 1538 1733 papam
1563 1691 1686 1735 diligat
1707 1691 1846 1732 almum,

761 1742 839 1775 Hoc
863 1742 1047 1776 anathema
1069 1743 1194 1786 probat
1216 1743 1310 1787 quod
1331 1754 1450 1788 regem
1473 1744 1523 1776 sic
1546 1744 1755 1778 inhonorat'

192 1813 213 1831 c.
227 1810 278 1833 «σν
761 1796 795 1829 Α
817 1795 920 1829 Petro
945 1797 1099 1840 quisquis
1128 1808 1187 1830 seu
1210 1808 1302 1840 papa
1325 1798 1498 1840 discrepet
1519 1798 1595 1831 istis

759 1850 1005 1894 Temporibus,
1028 1851 1146 1884 firmae
1169 1857 1435 1894 permanserunt
1457 1852 1662 1885 Comitissae

759 1904 923 1949 Magnae,
946 1910 1047 1947 petra
1070 1905 1179 1948 quasi,
1202 1905 1385 1938 Mathildis
1408 1911 1443 1938 et
1466 1906 1536 1939 alta
1559 1906 1708 1939 Beatrix.

646 1972 715 1998 ¹350
760 1958 837 1991 Hae
860 1958 1083 1991 mediatrices
1105 1958 1241 1991 inerant
1264 1964 1298 1990 et
1321 1959 1414 2002 regis
1438 1959 1570 1992 amicae
1578 1971 1587 1997 ;

758 2011 914 2055 Cumque
939 2011 1059 2044 vident
1081 2021 1198 2056 regem
1222 2023 1285 2055 per
1308 2012 1410 2044 devia
1433 2013 1575 2045 tendere
1599 2023 1748 2055 semper,

760 2064 941 2098 Proximus
964 2064 1099 2097 illarum
1124 2065 1240 2098 fuerat
1262 2066 1343 2109 quia
1366 2076 1426 2098 rex
1450 2072 1486 2099 et
1508 2076 1636 2105 earum,

762 2119 815 2151 Ex
836 2119 911 2162 ipso
934 2125 1061 2151 mestae
1085 2119 1287 2161 pandebant
1310 2131 1346 2152 se
1371 2119 1454 2152 satis
1476 2130 1562 2158 esse,

761 2171 832 2205 Sed
855 2178 971 2205 tamen
995 2183 1014 2204 a
1038 2182 1128 2214 papa
1151 2182 1187 2204 se
1211 2183 1278 2205 non
1304 2172 1486 2206 discedere
1510 2173 1662 2206 clamant

182 2286 256 2310 Mun..
272 2286 310 2311 ³⁶⁴
408 2279 488 2312 XX.
512 2279 567 2312 De
589 2279 680 2311 obitu
702 2279 857 2311 dominae
880 2279 1060 2317 Beatricis,
1084 2284 1119 2311 et
1140 2280 1300 2322 quomodo
1328 2279 1475 2312 Canossa
1499 2279 1589 2312 dolet
1611 2290 1652 2312 ex
1675 2290 1727 2317 ea,
1752 2284 1785 2312 et
1807 2281 1849 2312 de
1871 2284 2015 2324 corpore
2037 2281 2108 2314 eius
2119 2281 2169 2323 (ἱ).

648 2363 715 2390 1355
761 2349 871 2382 Plena
893 2349 992 2382 bonis
1015 2350 1119 2384 factis
1143 2350 1314 2394 dictisque
1338 2351 1472 2384 referta
1495 2349 1646 2389 Beatrix‚

761 2403 905 2436 Cunctis
929 2412 1010 2435 cara
1032 2403 1143 2441 nimis,
1166 2404 1310 2447 magnis,
1334 2404 1450 2446 parvis
1473 2414 1624 2447 quoque,
1648 2403 1737 2436 Pisis

761 2456 856 2500 Egra
879 2468 1034 2496 manens,
1059 2457 1129 2490 vita
1152 2458 1196 2490 de
1219 2458 1372 2500 presenti
1396 2457 1486 2491 bene
1510 2458 1646 2502 migrat,

763 2510 854 2543 Octo
878 2510 1070 2554 decemque
1094 2511 1168 2544 dies
1192 2510 1324 2553 Aprilis
1347 2510 1429 2544 dum
1453 2511 1533 2544 sinit
1557 2512 1616 2553 ire,

762 2563 893 2597 Christi
915 2570 996 2606 post
1019 2569 1133 2597 ortum
1156 2575 1238 2598 vera
1262 2565 1305 2597 de
1331 2565 1480 2609 Virgine
1503 2575 1632 2608 corpus

648 2624 718 2657 1360
763 2616 866 2650 Anno
889 2617 1043 2657 milleno,
1066 2617 1119 2650 bis
1144 2624 1254 2656 terno,
1278 2624 1502 2661 septuageno.

2243 2668 2257 2709 'l‘

367 2814 515 2846 preghiera
535 2822 550 2838 a
576 2821 625 2839 san
651 2814 763 2839 Pietro:
783 2816 831 2847 qui
855 2821 922 2848 pare
948 2816 1112 2852 riprodotta
1138 2815 1263 2840 l’ultima
1319 2815 1362 2839 fra
1380 2813 1409 2839 se
1422 2823 1436 2840 e
1455 2815 1530 2846 Pisa,
1550 2814 1640 2848 (come
1659 2813 1708 2848 gis
1722 2816 1748 2840 al
1763 2816 1892 2848 capitolo
1914 2814 1980 2840 VIII
1999 2822 2052 2840 con
2066 2813 2216 2846 Mantovn)
2252 2822 2255 2826 ’

368 2855 441 2879 srase
463 2855 606 2880 “vinculo
625 2863 687 2881 eum
706 2857 897 2881 anathematis
916 2857 976 2881 vice
1001 2861 1056 2886 tua,
1081 2857 1173 2890 alligo
1183 2875 1207 2889 ,„
1234 2857 1262 2882 al
1316 2857 1349 2882 ed
1376 2858 1497 2890 esprime
1523 2858 1551 2883 la
1575 2865 1715 2891 speranza
1741 2858 1791 2882 che
1809 2858 1868 2883 Dio
1886 2857 1913 2882 le
1932 2858 2062 2882 conservi
2082 2855 2212 2882 Mntssde.
2247 2889 2248 2892 Ἰ

455 2738 482 2754 v.
501 2727 581 2762 1342)
599 2729 685 2754 Forse
704 2730 737 2754 D.
756 2736 917 2754 conosceva
937 2729 958 2754 il
977 2731 1051 2755 testo
1066 2730 1141 2755 della
1154 2737 1262 2755 scomu-
1318 2730 1365 2755 dal
1386 2738 1412 2756 v.
1435 2730 1499 2764 1363
1516 2732 1545 2755 in
1565 2732 1626 2764 poi,
1645 2732 1768 2764 espa-ime
1787 2731 1810 2756 ll
1824 2739 1875 2756 suo
1894 2732 2063 2756 rammarlco
2082 2731 2111 2756 dt
2130 2730 2215 2756 vader

368 2772 432 2796 nica
452 2779 467 2796 a
486 2772 533 2796 cul
553 2771 694 2804 Gregorio
714 2771 797 2796 dlede
816 2772 844 2796 la
866 2772 957 2797 forma
977 2772 1140 2805 suggestlva
1159 2772 1189 2797 dl
1209 2780 1263 2797 una
1317 2773 1428 2806 sepolta
1441 2773 1562 2798 lontana
1576 2774 1611 2798 da
1622 2772 1650 2798 se
1663 2774 1792 2799 Beatrice
1806 2774 1839 2798 ed
1854 2774 1996 2798 istituisce
2006 2781 2044 2798 un
2057 2773 2214 2798 confronto

324 2901 338 2928 5
366 2897 470 2922 sinodo
490 2905 576 2923 erano
595 2899 722 2932 presenti
741 2899 818 2923 circa
840 2906 890 2924 110
914 2901 1029 2925 vescovi
1054 2907 1069 2924 e
1094 2900 1208 2933 Agnese
1234 2900 1262 2925 la
1405 2909 1431 2925 v.
1450 2899 1533 2932 1358)
1552 2900 1576 2925 11
1597 2907 1681 2925 verso
1700 2898 1715 2925 ὲ
1736 2901 1865 2925 riseritto
1884 2900 1915 2924 in
1945 2900 1972 2926 V.
2245 2933 2248 2940 .

369 2939 464 2964 madre
483 2940 512 2964 dl
531 2941 645 2965 Enrico.
683 2941 810 2966 Beatrlce
826 2941 889 2973 (che
901 2941 974 2966 morl
990 2941 1163 2976 nell’aprile)
1177 2950 1191 2967 e
1203 2941 1261 2966 Ma·
1406 2950 1431 2966 v.
1451 2941 1526 2975 1300)
1546 2942 1630 2967 Nella
1652 2941 1772 2967 Cronaca
1780 2942 1882 2973 pisana
1904 2941 1983 2966 edita
2008 2940 2213 2966 dall’Uounu
2243 2955 2254 2971 ,ρ

369 2980 439 3005 tilde
459 2989 525 3013 pare
544 2990 601 3007 non
623 2983 651 3007 vi
670 2989 801 3008 avessero
820 2985 908 3015 parte.
1318 2985 1348 3008 in
1370 2984 1455 3009 ltalia
1476 2984 1573 3013 Sacra,
1592 2984 1632 3009 111
1651 2991 1666 3009 e
1687 2985 1718 3008 in
1738 2985 1803 3008 ΕΗ.
1825 2985 1864 3008 II.
1885 2984 1945 3012 SS„
1965 2983 2012 3012 VI,
2033 2981 2083 3007 168
2100 2980 2116 3007 ὃ.
2134 2982 2214 3007 detto
2252 2996 2254 2999 -
2271 2992 2272 3004 1

455 3023 495 3055 (a)
515 3022 652 3053 Canossa,
670 3031 749 3049 come
767 3025 831 3049 dice
851 3025 872 3049 il
892 3026 981 3050 titolo
1006 3032 1021 3050 e
1040 3032 1144 3059 appare
1163 3026 1262 3051 chlaro
1320 3025 1333 3039 “
1345 3027 1431 3050 Anno
1453 3032 1518 3059 1077
1540 3025 1617 3058 (stile
1636 3026 1748 3058 pisano,
1768 3033 1783 3050 e
1798 3023 1861 3050 cioe
1877 3024 1955 3056 1076)
1976 3024 2133 3050 ComitIssa
2146 3023 2213 3049 Βοι-
2243 3052 2248 3063 ⁴
