2288 3476
358 243 603 281 CARMINE
631 243 852 280 SCRIPTA
879 243 919 279 A
946 243 1225 280 DONIZONE
1251 243 1596 280 PRESBYTERO

51 315 53 320 ¹
61 320 82 330 0.
83 320 1899 329 ................................................................................................................................................................................................

355 696 410 729 480

354 962 406 996 485

354 1235 408 1260 49⁰

350 1501 401 1527 495

44 2328 55 2362 3·
84 2329 146 2356 με.

47 2541 82 2554 <<<<<<

52 2875 62 2892 i
89 2880 148 2898 aco.

141 2075 169 2093 v.
187 2066 254 2100 475)
271 2066 314 2092 La
333 2066 399 2092 lode
418 2066 448 2091 di
467 2065 569 2092 castiiza
590 2074 625 2091 va
644 2073 733 2091 messa
751 2066 783 2091 in
807 2066 951 2091 relazione

123 2110 132 2134 i
147 2110 268 2135 costumi
282 2109 328 2134 dei
341 2110 451 2142 tempo:
467 2107 480 2122 ⁸
491 2109 592 2134 meiius
605 2110 648 2134 est
660 2109 736 2133 enim
751 2108 855 2133 nubere
867 2115 951 2140 quam

48 2275 49 2278 Ἴ
141 2246 167 2263 v.
185 2235 250 2270 479)
264 2238 364 2269 lupam,
379 2237 549 2269 costigiana,
562 2237 702 2264 deducere.
715 2235 876 2270 condurgll‚
891 2243 951 2260 non

43 2279 162 2306 'mdur
181 2281 237 2312 via,
258 2286 287 2304 se
306 2286 431 2304 nomon
451 2279 571 2304 avr-ebbe
590 2285 672 2304 senso
699 2278 720 2303 il
747 2278 874 2303 discorso
901 2279 951 2303 che

47 2393 51 2399 Ι
141 2373 168 2390 v.
193 2363 259 2399 485)
283 2365 390 2390 Etlmae
411 2367 531 2396 puteum,
554 2363 650 2389 l’Etna
668 2371 715 2388 era
742 2364 869 2389 riienuto
894 2371 949 2389 una

53 2414 141 2434 ¹occa
159 2407 344 2433 dell’ini'erno
369 2414 447 2431 come
473 2406 550 2431 nella
575 2407 713 2439 leggenda
738 2407 766 2431 di
792 2406 949 2431 Teoderico

47 2449 102 2479 wel
119 2451 256 2475 racconto
274 2449 304 2473 di
326 2448 469 2482 Gregorio
488 2449 594 2482 Magno
619 2448 758 2482 (Dialogr',
777 2448 808 2473 L.
827 2449 876 2478 1v,
895 2449 948 2482 30).

47 2493 51 2496 ”
140 2500 168 2517 v.
187 2489 249 2525 491)
265 2490 288 2515 ῙΙ
309 2491 441 2524 pensiero
460 2490 490 2515 di
515 2491 645 2516 Tedaldo
670 2490 699 2515 di
720 2498 883 2524 comperare
902 2499 950 2525 per

117 2540 134 2560 e
152 2534 207 2559 lire
225 2534 247 2558 il
266 2535 374 2567 papato
393 2539 442 2565 per
460 2533 600 2558 scacciare
620 2534 630 2558 i
649 2533 813 2564 simoniaci,
837 2541 948 2558 serven-

43 2571 70 2610 js
82 2575 120 2601 ³1
138 2576 167 2601 dl
187 2583 243 2601 una
263 2576 390 2601 simonia
408 2575 490 2600 volta
508 2582 524 2599 a
548 2575 626 2600 buon
644 2575 707 2606 line,
725 2574 740 2600 ὲ
759 2576 790 2600 10
808 2577 899 2601 stesso
918 2575 947 2601 di

48 2627 61 2651 ¹,
83 2619 198 2652 regorio
216 2618 257 2643 VI
269 2618 319 2643 che
332 2626 348 2643 a
361 2617 441 2643 Sutri
453 2619 571 2643 ammise
589 2618 620 2643 dl
633 2626 699 2643 aver
712 2625 728 2643 a
741 2620 841 2651 questo
861 2626 949 2652 scopo

47 2671 53 2683 r
77 2663 217 2695 mpernto
238 2661 259 2686 il
280 2662 386 2694 papato
404 2661 440 2686 da
457 2660 613 2685 Benedetto
632 2660 671 2686 IX
684 2662 730 2685 nel
752 2668 833 2695 ¹045:
853 2669 867 2686 e
880 2660 948 2686 Gre-

50 2700 58 2740 ’ζ
80 2705 137 2729 ·rlo
149 2703 202 2729 v11
214 2704 245 2729 lo
258 2705 387 2729 tlteneva
401 2703 585 2736 ugualmente
598 2710 671 2736 papa
684 2703 839 2736 legittimo.
870 2703 948 2729 Sono

48 2740 57 2777 ,ἦ
73 2745 186 2778 dunque
204 2746 340 2771 seusabili
360 2744 489 2771 Tedaldo
508 2753 523 2770 e
541 2745 577 2770 D.
615 2745 676 2770 Con
697 2753 736 2770 un
749 2746 796 2779 po’
811 2746 838 2771 di
854 2746 948 2771 sforzo

55 2783 80 2814 '¹
92 2787 150 2822 pub
163 2788 254 2814 anche
266 2788 414 2814 intendere
434 2788 455 2813 il
469 2789 482 2803 ⁸
493 2787 680 2813 sacrificherei
699 2788 858 2813 volontieri
871 2789 950 2813 mille

78 2830 132 2856 lire
150 2838 200 2865 per
225 2833 352 2856 ottenere
372 2831 394 2855 il
413 2832 520 2864 papato
532 2850 546 2864 „
572 2838 655 2855 senza
682 2830 844 2863 significato
864 2831 950 2856 simo·

60 2943 62 2945 .
143 2917 170 2934 v.
189 2907 252 2942 496)
271 2909 454 2941 Microlognm
473 2909 570 2933 librum
594 2906 609 2933 e
636 2909 656 2933 il
677 2908 785 2933 celebre
810 2909 949 2942 opuscolo

52 2958 76 2971 '⁴
114 2951 198 2984 quale
211 2950 308 2977 Guido
325 2950 468 2976 d’Arezzo
479 2950 545 2976 fisso
558 2951 584 2976 le
597 2952 692 2984 regole
712 2951 859 2977 musicali:
873 2951 887 2965 “
896 2950 950 2976 Mi-

50 2985 66 3012 i-
82 2993 215 3026 crologus
233 2992 380 3019 Guidonis
399 2993 432 3018 de
451 2993 609 3027 disprlina
627 2995 700 3018 artis
717 2995 864 3025 musicae„
884 2993 950 3026 (Mx-

53 3036 56 3052 ;
75 3046 91 3055 ·-·
145 3036 315 3069 Patralogr'a
334 3036 431 3065 latina,
450 3036 509 3060 vol.
529 3034 627 3065 CXLI,
645 3044 672 3069 p.
692 3036 770 3071 379):
791 3043 852 3061 esso
872 3034 886 3061 ὲ
906 3043 951 3070 ap-
1005 3036 1134 3061 Matilde.

448 368 575 401 Curam
598 368 770 407 devotam,
793 373 988 400 monstrans
1011 366 1171 410 exempla
1193 365 1332 400 decora.

455 421 562 454 Extat
584 427 699 454 castus
721 421 780 459 ita,
804 422 898 464 quod
921 421 1071 464 quodam
1094 427 1250 464 tempore
1274 420 1413 464 quidam

450 474 624 514 Perversi,
647 484 737 507 vane
759 485 823 517 pro
847 475 997 518 quadam
1021 474 1198 508 debilitate

450 527 689 561 Hortabantur
711 538 789 561 eum
812 534 967 571 stuprum
991 528 1216 561 committere.
1262 527 1389 560 Secum

453 580 560 620 Quod
582 581 701 624 presul
723 587 886 621 tractans,
908 581 1007 614 iussit
1030 581 1208 614 deducere
1231 587 1366 623 partam

453 633 594 677 Quippe
621 634 735 677 lupam
759 635 944 678 quandam,
967 634 1062 677 prius
1083 634 1202 678 ignem
1224 644 1357 677 ponere
1381 634 1548 667 mandans

454 687 547 721 Ante
570 698 668 720 suum
691 693 855 721 stratum:
880 687 977 720 videt
998 687 1113 732 ignem
1136 687 1411 720 flammiferatum

450 740 675 783 Appropians
696 740 800 779 iuxta,
826 740 906 773 dum
929 741 1083 772 flammas
1105 740 1222 778 sensit,
1244 740 1450 773 habundans

451 794 491 827 In
513 793 667 827 lacrimis
691 793 832 826 clamat:
860 793 875 809 ⁴⁴
889 792 975 832 Vae,
999 803 1063 825 vae
1087 793 1192 826 michi
1214 793 1243 825 si
1266 794 1372 826 modo
1395 804 1508 826 raram

454 849 469 865 ‘⁴
486 846 759 886 Flammicuiam‚
781 846 895 885 vilem,
919 855 1056 889 nequeo
1080 846 1239 886 sufferre,
1262 846 1376 889 perire

456 902 471 918 ‘⁶
485 899 524 934 Si
545 910 600 932 me
624 899 817 942 contingat,
841 898 972 932 baratri
994 899 1165 931 flammam
1188 899 1293 932 miser
1314 899 1409 932 illam

456 954 471 970 “
486 953 675 994 Quomodo
698 953 845 985 sufferre
868 951 1020 995 potero?
1045 952 1170 986 Scelus
1192 953 1237 985 ad
1260 953 1395 986 Ethnae

452 1007 537 1039 “Me
558 1012 701 1049 puteum
724 1006 830 1039 ducet
837 1018 846 1044 ;
871 1006 985 1039 scelus
1007 1005 1074 1038 hoc
1097 1015 1141 1037 ne
1163 1005 1319 1038 funditus
1340 1006 1468 1048 urei-(1)

453 1060 468 1076 ¹‘
481 1060 567 1104 Igne
590 1058 654 1092 sub
677 1058 837 1098 obscuro,
861 1068 988 1101 sperno
1011 1058 1217 1101 penitusque
1240 1058 1357 1092 refuto
1372 1082 1400 1100 ,μ

450 1113 539 1146 Tale
563 1113 624 1146 dat
646 1111 844 1154 exemplum
866 1111 1046 1144 Tedaldus
1068 1111 1186 1153 presul
1209 1111 1393 1155 agendum.

449 1165 573 1209 Caepit
594 1165 652 1198 hic
676 1165 860 1197 adversum
883 1164 1089 1197 simoniacos
1113 1164 1197 1197 dare
1221 1163 1390 1203 verbum‚'

453 1220 551 1262 Ipsos
574 1219 759 1256 detestans,
784 1217 924 1251 dicebat
947 1222 1063 1251 mente
1086 1217 1260 1250 modesta:

455 1273 470 1289 ‘⁴
485 1271 585 1305 Mille
607 1271 714 1304 libras
737 1276 833 1304 certe
856 1281 921 1313 pro
942 1276 1073 1314 papatu
1097 1270 1180 1303 dare
1203 1270 1343 1311 vellem,

452 1326 467 1342 “
481 1325 540 1363 Ut.
564 1325 658 1368 quod
682 1335 748 1368 ego
771 1324 892 1368 glisco,
916 1324 1125 1357 simoniacos
1148 1323 1352 1357 maledictos

454 1379 469 1396 '⁴
483 1379 660 1412 Eiicerem
684 1384 828 1411 cunctos
851 1388 914 1420 per
936 1383 1046 1411 totum
1069 1377 1220 1420 denique
1244 1378 1410 1410 mundum
1425 1401 1456 1417 „.

446 1432 583 1466 Musica
606 1443 668 1465 seu
690 1437 812 1465 cantus
833 1431 936 1464 istum
958 1429 1103 1464 laudare
1125 1430 1321 1464 Tedaldum

449 1486 530 1519 Non
553 1492 690 1519 cessant
713 1495 861 1528 semper,
884 1490 1097 1518 renovantur
1120 1494 1163 1517 eo
1185 1484 1354 1522 faciente3

449 1539 683 1584 Micrologum
708 1539 832 1572 librum
855 1538 921 1571 sibi
944 1539 1053 1571 dictat
1076 1538 1192 1571 Guido
1215 1538 1347 1581 peritus

450 1592 616 1632 Musicus,
641 1598 676 1625 et
697 1592 898 1630 monachus,
923 1602 989 1625 nec
1011 1602 1082 1625 non
1104 1592 1273 1624 heremita
1295 1590 1459 1625 beandus.

451 1900 509 1934 Ad
531 1900 639 1934 laicos
660 1900 787 1933 fratres
810 1900 933 1933 redeat
955 1900 1053 1933 stilus
1075 1900 1134 1933 hic
1157 1898 1261 1933 modo
1284 1899 1399 1943 plane.

445 1953 587 1988 Illorum
610 1964 742 1987 summa
763 1954 939 1988 Canossae
962 1964 1046 1987 cura
1067 1953 1252 1993 redundat,

44 1703 60 1739 s
89 1714 115 1748 1.
138 1714 245 1758 ,Quod
271 1714 426 1747 nonnulli
451 1713 662 1746 marchiones
691 1712 955 1756 Longobardt'ae
983 1712 1186 1745 studuerunt
1206 1723 1366 1753 separare
1390 1711 1607 1745 Chonradum
1622 1723 1644 1744 a
1666 1712 1855 1756 Boanacio
1870 1717 1904 1745 et

141 1768 232 1812 quod
250 1765 456 1810 Bonesacius
486 1767 587 1800 duxit
607 1777 747 1800 uxorem
776 1766 979 1799 comitissam
1009 1765 1221 1804 Richildam‚
1245 1772 1278 1798 et
1302 1765 1343 1798 de
1364 1777 1493 1810 magno
1515 1766 1598 1798 bello
1621 1767 1712 1809 quod
1731 1770 1801 1799 tota
1825 1766 1902 1805 fere

141 1819 488 1866 Langobardiafgcit
502 1832 576 1854 cum
591 1819 783 1864 Bomsacio
805 1824 839 1852 et
862 1819 1042 1853 Chonrado
1064 1820 1100 1852 in
1117 1819 1292 1859 Cuviliolo,
1309 1820 1371 1863 qui
1384 1825 1436 1852 est
1446 1822 1562 1864 prope
1575 1819 1758 1862 Reginam
1774 1820 1902 1853 urbem.

1005 2067 1096 2099 punto
1115 2066 1266 2100 preceduto
1285 2066 1321 2090 da
1339 2073 1398 2091 una
1417 2065 1571 2097 “Epistola
1598 2064 1742 2091 Guidonis
1767 2066 1900 2090 monachi

1004 2109 1056 2134 “et
1075 2109 1176 2133 musici
1203 2109 1236 2133 ad
1263 2108 1441 2133 Teudaldum
1466 2110 1635 2140 episcopum
1660 2116 1739 2133 suurn
1752 2126 1775 2139 η,

940 2165 949 2170 -
1003 2149 1124 2176 l'autore
1143 2151 1254 2175 afferma
1267 2151 1318 2175 che
1333 2151 1364 2175 fu
1379 2151 1399 2175 il
1414 2158 1536 2175 vescovo
1550 2150 1586 2175 ad
1606 2151 1766 2183 ordinargli
1787 2150 1817 2174 di
1833 2151 1900 2183 pub-

1002 2194 1110 2219 bllcare
1129 2193 1155 2218 le
1175 2201 1223 2218 sue
1249 2194 1345 2226 regole
1364 2201 1379 2218 e
1403 2194 1454 2218 che
1480 2194 1556 2218 nella
1575 2193 1669 2218 chiesa
1696 2193 1851 2218 cattedrale
1871 2193 1899 2218 di

1002 2237 1124 2266 Amzzo,
1138 2237 1239 2261 rifatta
1252 2236 1288 2261 da
1300 2235 1460 2264 Teudaldo,
1474 2236 1500 2261 le
1513 2237 1678 2260 esecuzioni
1693 2235 1826 2260 musicali
1839 2243 1900 2260 era-

1003 2286 1041 2303 no
1061 2278 1194 2312 perfette=
1211 2278 1224 2292 ‘⁴
1235 2279 1402 2303 exercitium
1416 2279 1541 2303 musicae
1554 2279 1634 2302 artis.
1645 2294 1653 2302 .
1664 2297 1670 2302 .
1683 2296 1688 2302 .

1003 2322 1185 2346 “auctoritas
1211 2321 1338 2353 proferre
1363 2322 1392 2345 in
1419 2320 1574 2353 publicum,
1600 2322 1631 2345 ut
1654 2321 1729 2344 sicut
1753 2320 1902 2344 ecclesiam

1004 2363 1104 2388 “beati
1129 2363 1241 2388 Donati
1266 2363 1394 2395 episcopi
1418 2364 1447 2387 et
1472 2363 1616 2395 martyris,
1640 2363 1685 2386 cui
1707 2362 1760 2386 deo
1785 2363 1902 2386 auctore

1002 2402 1016 2417 ‘¹
1027 2405 1089 2438 jure
1103 2403 1212 2428 vicario
1227 2403 1407 2436 praesidetis,
1422 2403 1549 2427 mirabili
1566 2404 1687 2427 nimium
1701 2403 1843 2427 schemate
1856 2410 1902 2434 pe-

1004 2446 1150 2479 “registis,
1172 2447 1213 2470 ita
1231 2446 1356 2470 eiusdem
1378 2446 1527 2469 ministros
1546 2445 1681 2469 ecclesiae
1699 2445 1902 2469 honestissimo

1799 2109 1830 2133 in
1855 2103 1902 2133 cui

1708 2280 1803 2302 vestra
1815 2278 1902 2311 jussit

1005 2488 1286 2520 “decentissimoque
1311 2488 1433 2519 quodam
1458 2487 1615 2521 privilegio
1633 2488 1744 2511 cunctis
1764 2494 1835 2519 pene
1853 2494 1904 2519 per

1005 2529 1124 2555 “orbem
1144 2530 1257 2555 clericls
1276 2530 1445 2563 spectabiles
1464 2530 1628 2554 redderetis.
1664 2529 1700 2554 Et
1715 2536 1813 2554 revera
1832 2530 1904 2553 satis

1003 2572 1017 2586 θ’
1027 2572 1111 2597 habet
1125 2572 1257 2596 miraculi
1270 2573 1299 2596 et
1312 2571 1451 2603 optionis,
1462 2579 1523 2596 cum
1536 2573 1647 2595 vestrae
1660 2571 1803 2595 Ecclesiae
1817 2572 1902 2595 etlam

1005 2613 1109 2647 “pueri
1131 2615 1162 2638 ln
1187 2614 1355 2639 modulandi
1382 2614 1479 2638 studio
1505 2614 1645 2647 perfectos
1666 2614 1789 2638 aliorum
1803 2620 1903 2645 usque-

1002 2658 1016 2672 *
1027 2664 1135 2690 quaque
1154 2658 1282 2682 locorum
1302 2659 1435 2689 superent
1453 2664 1532 2681 senes
1543 2674 1549 2681 .
1561 2674 1568 2681 .
1582 2676 1587 2680 .
1599 2674 1605 2681 .
1617 2673 1643 2688 „.

1002 2700 1202 2724 benemerenze
1221 2699 1251 2724 di
1274 2699 1403 2724 Tedaldo
1428 2706 1510 2724 verso
1530 2699 1558 2724 la
1584 2699 1739 2723 cattedrale
1764 2698 1901 2731 l’Ughelli

1002 2739 1108 2775 (Italia,
1128 2741 1149 2770 1,
1174 2741 1238 2773 415)
1261 2741 1324 2766 dice
1343 2741 1394 2765 che
1413 2741 1487 2765 sulla
1506 2741 1623 2772 tribuna
1643 2740 1672 2764 di
1693 2747 1752 2765 essa
1772 2740 1903 2765 un’iscri-

1003 2785 1089 2809 zione
1108 2783 1154 2808 del
1175 2789 1241 2816 xo3z
1263 2784 1414 2808 ricordava
1433 2783 1483 2807 che
1496 2790 1556 2807 essa
1570 2790 1616 2807 era
1636 2789 1722 2815 opera
1741 2790 1805 2809 sua:
1827 2782 1903 2808 Theo-

1003 2827 1100 2851 daldus
1112 2825 1183 2858 fieri
1199 2825 1280 2850 simul
1292 2825 1438 2857 praecepit
1461 2826 1582 2850 honorem
1600 2824 1604 2857 Ι
1621 2825 1697 2849 Anno
1722 2826 1830 2849 milleno
1849 2828 1903 2850 ter-

1003 2868 1068 2893 deno
1082 2868 1198 2892 instante
1210 2868 1334 2897 secundm
1346 2867 1367 2891 il
1380 2867 1430 2891 che
1443 2867 1589 2891 conferma
1603 2867 1629 2891 le
1643 2867 1740 2899 parole
1754 2867 1783 2891 di
1798 2865 1904 2892 Guido.

1092 2918 1118 2934 v.
1137 2910 1189 2942 498
1204 2918 1218 2934 e
1229 2909 1322 2942 seg-g.)
1335 2910 1419 2934 laicos
1425 2909 1546 2942 fratres,
1566 2909 1721 2934 Bonifacio
1739 2916 1754 2934 e
1774 2909 1903 2934 Corrado

1003 2952 1033 2976 in
1054 2951 1090 2976 cf.
1110 2951 1155 2976 del
1175 2951 1293 2976 fratello
1313 2958 1452 2976 vescovo=
1473 2951 1562 2975 solito
1577 2951 1731 2976 ritornello
1751 2951 1827 2976 della
1840 2959 1903 2984 pre-

1006 2993 1151 3019 dilezione
1174 2993 1218 3019 dei
1246 2994 1342 3019 vecchi
1369 3001 1418 3027 per
1443 2993 1580 3024 Canossa,
1605 3000 1654 3027 per
1680 2994 1902 3028 impressIonare

1679 2655 1828 2689 Riguardo
1846 2656 1903 2681 alle

1930 2072 1963 2098 25

1929 2285 1965 2312 30

1931 2493 1962 2522 35

1930 2708 1966 2734 40

1930 2917 1964 2944 45

1987 1231 2007 1245 c.
2023 1231 2066 1250 η)
