2288 3476
347 577 399 610 875

343 845 397 871 880

342 1113 393 1146 885

341 1922 396 1947 900

40 2783 47 2795 >2
66 2791 68 2793 >
81 2771 238 2806 lugannare
256 2771 339 2798 Esau.

41 3003 50 3055 “Ῐ,
61 3025 172 3063 ppunto
190 3031 240 3058 per
257 3023 344 3050 Sutri-

62 2204 65 2205 i
134 2189 178 2207 vv.
197 2179 310 2215 875-76)
326 2181 466 2213 Pasquale
491 2181 521 2206 fu
540 2180 628 2205 eletto
647 2179 670 2204 11
693 2187 723 2212 13
743 2180 844 2213 agosto
865 2185 942 2212 1099,

30 2222 33 2223 ⁷
73 2235 85 2244 νι
106 2229 123 2249 ι
141 2223 236 2249 chlesa
254 2224 284 2249 di
303 2223 331 2249 S.
350 2223 506 2252 Clemente,
529 2224 558 2248 dl
583 2224 629 2248 cui
652 2230 700 2248 era
719 2222 838 2247 titolare
863 2229 942 2247 come

95 2265 199 2298 diutile,
220 2273 269 2300 per
287 2267 416 2299 sospetto
429 2266 476 2291 dei
489 2265 647 2300 partigiani
661 2264 881 2298 dell’antipapa:
894 2271 942 2290 era

115 2309 125 2333 i
148 2315 267 2333 romano
291 2309 410 2334 essendo
434 2308 464 2333 di
491 2307 589 2338 Bieda,
613 2313 709 2341 presso
733 2306 861 2332 Viterbo.
899 2305 940 2331 Fu

52 2343 239 2379 tronlzzato
256 2351 354 2376 subito
378 2349 470 2384 (come
495 2349 611 2375 Urbano
635 2349 674 2382 11)
699 2350 730 2374 in
756 2349 907 2378 Laterano,
927 2357 941 2374 e

62 2398 67 2420 '.
82 2395 213 2419 mactato
237 2400 361 2418 vescovo
385 2393 407 2418 11
431 2394 536 2426 giorno
561 2394 693 2425 seguente
719 2393 749 2416 in
774 2393 802 2417 S.
826 2391 939 2417 Pietro=

61 2429 75 2443 ⁸
92 2436 111 2465 1.
129 2435 277 2468 magrado
296 2436 324 2461 la
344 2443 393 2461 sua
406 2435 570 2467 riluttanu,
591 2442 637 2460 era
650 2436 726 2460 stato
739 2434 892 2467 designato
905 2436 940 2460 da

63 2486 73 2494 ·’
85 2476 168 2503 bauo.
206 2477 251 2503 Cf.
271 2477 300 2502 la
318 2477 380 2502 vita
399 2477 429 2502 di
449 2477 587 2509 Pasquale
605 2476 634 2501 di
654 2475 751 2501 Pietro
770 2475 886 2507 Pisano,
910 2478 939 2502 in

55 2524 240 2552 mamea,
266 2519 341 2545 Vitae
361 2518 435 2552 etc.).

56 2553 70 2571 ³⁴⁴
133 2569 159 2587 v.
177 2561 239 2595 879)
258 2563 355 2594 apices,
374 2562 481 2587 lettere.

10 2613 13 2622 <
133 2612 179 2630 vv.
197 2604 306 2636 882-84)
325 2605 361 2630 D.
381 2605 482 2629 insiste
498 2604 573 2629 sulla
586 2602 748 2637 sempliclti
760 2612 774 2629 e
788 2602 940 2637 ingenuit&

45 2647 60 2672 ’,“-
75 2646 210 2678 laniciem)
229 2646 258 2671 di
278 2647 426 2679 PasquaIe,
446 2646 522 2671 nella
534 2646 617 2678 quale
630 2654 646 2671 a
659 2645 786 2671 Canossa
799 2647 823 2671 sl
837 2646 939 2671 voleva

46 2690 48 2692 '
63 2684 158 2714 ''vare
176 2689 392 2715 un’attenuante
405 2688 463 2713 alla
476 2695 527 2713 sua
540 2688 679 2714 condotta
690 2688 809 2714 insbile.
834 2679 857 2712 ὲ
869 2690 938 2714 stra-

53 2720 78 2749 θ’·
100 2731 226 2756 tuttavla
246 2731 267 2756 11
281 2738 425 2764 pai-agone
438 2739 491 2755 con
506 2730 658 2760 Giacobbe,
677 2731 727 2755 che
739 2730 826 2755 riuscl
842 2731 940 2756 invece

133 2823 159 2840 v.
177 2814 242 2848 884)
258 2817 395 2847 homullus,
415 2815 563 2840 servitore.

56 2882 68 2892 ,2
132 2865 159 2882 v.
176 2856 243 2890 885)
260 2857 339 2883 Sutri
359 2865 407 2882 era
426 2859 502 2883 stata
521 2858 586 2882 sino
604 2857 662 2882 alla
682 2858 773 2882 morte
786 2855 844 2889 (dal
860 2856 938 2890 1086)

1 2895 2 2898 ’
55 2899 144 2924 muta
160 2899 197 2924 da
215 2898 338 2924 oddone
356 2899 456 2933 nipote
475 2899 506 2924 di
519 2898 675 2924 Guibertm
689 2900 780 2931 questi
794 2899 840 2924 nel
856 2905 938 2932 1099-

45 2938 55 2961 <'
79 2945 123 2970 οο,
135 2941 240 2966 ultimo
253 2949 329 2966 anno
342 2941 372 2966 di
387 2943 457 2973 vita,
472 2942 612 2966 risiedeva
622 2950 637 2966 a
651 2939 750 2966 Civita
763 2940 939 2966 Castellana.

133 2990 160 3008 v.
178 2982 239 3013 888)
259 2983 300 3007 La
319 2983 414 3007 strada
428 2982 474 3007 dei
487 2982 640 3016 pellegi-lui
654 2990 703 3015 per
715 2981 807 3007 Roma
820 2989 939 3014 passava

342 429 422 463 XII.
445 430 502 463 De
523 430 684 464 electione
706 431 864 465 Pascalis
886 432 1022 475 Papae,
1046 436 1080 464 et
1101 433 1143 464 de
1164 435 1280 476 prava
1304 432 1464 465 Guiberti
1483 437 1601 465 morte.

533 516 618 549 Post
640 527 742 560 quem
766 515 863 559 Papa
886 516 998 550 bonus
1019 517 1189 556 laudatur,
1213 518 1407 562 relligiosus

446 569 561 602 Valde
583 569 748 608 Paeoniis,
773 575 997 603 consecratur
1020 579 1158 614 quoque
1181 571 1306 610 statim,

446 623 486 655 In
509 622 624 656 verbis
646 624 780 666 planus,
804 634 868 666 per
891 624 1038 657 Romam
1062 634 1203 666 prorsus
1226 631 1368 664 amatus,

443 677 538 709 Dans
559 686 706 720 agapem
730 678 909 720 grandem,
932 677 1086 710 nutriens
1107 678 1239 720 inopes,
1261 678 1472 712 tribulantes.

444 728 640 774 Do[g]mate
662 740 726 772 pro
749 730 878 763 Christi
902 730 1048 763 certanti
1071 741 1175 773 porro
1198 730 1368 773 Mathildi,

444 783 607 827 Signatos
632 783 749 826 apices
771 782 1023 816 benedicentes
1045 783 1109 816 sibi
1134 784 1282 823 mittens,

443 837 526 870 Illos
547 842 587 870 ut
608 847 722 870 mores
750 842 867 869 teneat
889 842 1017 876 monet,
1040 837 1231 870 anteriores

444 891 542 931 Quos
565 890 715 923 docuere
738 895 854 933 patres
878 889 986 932 ipsam
1010 890 1233 923 vehementer
1257 897 1420 924 amantes.

447 943 678 986 Simplicitate
700 949 801 985 pater
824 942 936 976 sancti
959 942 1065 976 Iacob
1088 942 1308 986 patriarchae

444 996 598 1029 Pascalis
620 995 762 1040 regitur,
787 1006 902 1028 secum
924 1006 1037 1039 neque
1061 996 1207 1029 subdola
1229 997 1360 1031 vivunt.

442 1050 634 1084 Planiciem
658 1049 755 1082 cuius
778 1049 903 1083 didicit
927 1049 1115 1083 Guibertus
1138 1050 1309 1083 homullus

439 1103 526 1137 Mox
548 1102 764 1144 Antichristi‚
789 1103 904 1135 sedem
929 1102 994 1135 sibi
1017 1102 1140 1135 tollere
1163 1103 1299 1146 gliscit;

444 1156 517 1196 Qui
539 1155 693 1190 Sutrium
716 1156 821 1194 venit,
837 1155 931 1188 cives
951 1155 1121 1188 seducere
1144 1157 1260 1199 caepit

442 1211 633 1249 Romanos,
657 1219 783 1252 parvos
805 1209 994 1252 precioque
1017 1208 1120 1241 minis
1141 1209 1241 1241 simul
1265 1210 1375 1249 altos;

442 1263 560 1308 Atque
583 1263 673 1295 viam
698 1262 830 1296 domini
852 1261 950 1294 Petri
973 1261 1127 1295 faciebat
1149 1262 1208 1295 hic
1231 1263 1353 1297 hostis'

441 1316 636 1354 Custodire‚
660 1315 753 1347 viros
774 1314 924 1357 spoliare
947 1314 1073 1347 iubens
1095 1316 1308 1358 peregrinos.

440 1370 507 1403 Hic
530 1379 594 1412 per
616 1368 738 1412 viginti
761 1375 832 1401 tres
853 1378 963 1401 annos
987 1368 1137 1412 denique
1161 1368 1290 1402 Christi

442 1423 636 1457 Ecclesiam
659 1423 737 1454 nisu
759 1427 833 1454 toto
857 1421 1013 1454 turbarat
1034 1421 1194 1464 iniquus;

444 1478 534 1510 Dum
557 1477 672 1520 potuit
694 1476 820 1509 multos
843 1476 975 1508 animos
997 1476 1166 1509 seducere
1190 1477 1321 1519 stultos,

441 1531 580 1564 Destitit
602 1530 724 1563 infelix
746 1539 932 1572 nunquam,
956 1539 1049 1562 nunc
1073 1539 1223 1572 corpora
1245 1530 1339 1565 ledit.

440 1585 537 1619 Illius
559 1594 703 1628 magnus
725 1583 874 1616 mundus
895 1583 964 1615 iam
988 1583 1137 1626 despicit
1160 1589 1267 1623 actus,

442 1638 644 1672 Aecclesiae
667 1643 814 1670 cunctae
836 1636 939 1669 Petre
961 1636 1030 1669 iam
1053 1637 1160 1679 prebe
1184 1639 1434 1680 pmmocunde,

441 1693 510 1726 Iste
532 1701 637 1725 senex
659 1697 698 1723 ut
720 1689 828 1723 hebes
850 1690 1007 1723 homines
1029 1690 1118 1722 sinat
1142 1700 1216 1723 esse
1239 1691 1371 1724 fideles.

442 1747 525 1780 Post
547 1755 656 1779 annos
678 1744 777 1778 binos
799 1743 962 1777 Urbanus
983 1749 1060 1776 erat
1082 1743 1176 1787 quod
1199 1743 1243 1777 ab
1266 1743 1331 1777 isto

444 1800 548 1834 Seclo
570 1804 735 1842 portatus,
759 1797 917 1841 caelique
941 1798 1048 1830 choro
1071 1797 1231 1836 sociatus,

442 1854 512 1886 Iste
535 1853 658 1886 dolore
679 1851 777 1895 gravi
799 1857 914 1884 tactus
938 1850 1128 1884 Guibertus
1150 1850 1272 1891 inanis,

441 1907 600 1940 Mortuus
623 1911 674 1939 est
698 1915 815 1938 secum
839 1909 981 1947 portans
1004 1903 1185 1936 anathema
1207 1915 1271 1947 per
1292 1913 1428 1944 aevum,

438 1961 634 2003 Propterea
657 1958 745 1992 caeli
768 1957 917 2001 populus
939 1957 1138 2000 pariterque
1162 1957 1285 1997 fidelis,

441 2013 675 2056 Exultentque
698 2012 792 2052 boni,
814 2012 917 2055 periit
940 2011 1021 2055 quia
1042 2011 1250 2054 perditionis

440 2067 564 2106 Filius3
587 2072 626 2100 ut
646 2072 766 2110 surgat
788 2065 908 2098 similis
931 2075 1000 2098 non
1024 2065 1084 2098 det
1106 2066 1199 2098 Deus
1220 2077 1382 2110 unquam.

1083 2187 1110 2203 v.
1129 2178 1190 2211 890)
1209 2179 1315 2212 vxgrinti
1338 2183 1393 2204 tres
1412 2187 1506 2204 annos:
1533 2179 1672 2204 Guiberto
1693 2181 1723 2204 su
1747 2180 1835 2205 eletto
1855 2180 1890 2204 il-

996 2221 1166 2254 legalmente
1185 2229 1201 2246 a
1214 2222 1319 2246 Brixen
1335 2221 1356 2246 il
1370 2228 1402 2254 25
1417 2223 1527 2255 giugno
1542 2221 1611 2247 1080
1629 2230 1643 2247 e
1657 2224 1890 2247 canonicamente

995 2271 1011 2288 a
1030 2262 1120 2288 Roma
1140 2264 1186 2288 nel
1205 2271 1301 2288 marzo
1320 2264 1365 2289 del
1387 2263 1463 2297 1084,
1483 2273 1497 2288 e
1516 2265 1539 2289 u
1559 2271 1594 2297 ²4
1612 2272 1706 2289 marzo
1726 2266 1755 2289 vi
1775 2266 1803 2289 su
1823 2272 1888 2289 con·

995 2307 1106 2331 sacrato
1125 2314 1140 2331 e
1158 2306 1194 2331 da
1212 2308 1312 2338 questa
1325 2307 1392 2332 dats.
1405 2305 1548 2332 comincio
1561 2314 1578 2331 a
1592 2309 1707 2332 contare
1722 2308 1730 2331 i
1745 2307 1807 2332 suoi
1820 2308 1889 2332 anni

994 2348 1102 2382 Ome,
1121 2353 1163 2380 op.
1176 2350 1229 2378 cit„
1243 2350 1263 2381 Ι,
1278 2357 1326 2383 pp.
1344 2349 1456 2383 649-55)
1469 2358 1484 2374 e
1502 2350 1575 2375 mori
1596 2350 1633 2375 1'8
1652 2351 1801 2375 settembre
1823 2357 1891 2375 1100

995 2400 1010 2416 a
1024 2391 1122 2416 CivIta
1136 2391 1311 2417 castellana.
1348 2392 1384 2417 D.
1398 2393 1499 2424 qulndi
1519 2392 1588 2417 vuol
1603 2400 1756 2417 accennare
1776 2393 1833 2418 alla
1847 2394 1889 2417 in-

993 2434 1101 2459 fluenza
1125 2434 1235 2459 nefasta
1254 2435 1405 2460 esercitata
1424 2442 1457 2460 su
1474 2434 1579 2459 Enrico
1599 2435 1676 2467 dopo
1696 2434 1824 2460 Canossa
1843 2435 1889 2459 nel

997 2483 1073 2509 1077,
1092 2476 1243 2502 riuscendo
1267 2476 1358 2509 (come
1377 2477 1439 2502 dice
1460 2479 1504 2502 nei
1526 2478 1598 2502 versi
1623 2477 1658 2507 11,
1680 2485 1730 2511 1¹9
1750 2486 1763 2502 e
1782 2477 1855 2510 sgg.)
1873 2485 1889 2502 a

994 2519 1069 2544 farlo
1089 2527 1219 2545 mancare
1239 2520 1266 2544 ai
1285 2520 1360 2553 patti
1378 2520 1466 2545 fissati
1488 2528 1542 2545 con
1561 2519 1703 2553 Gregorio
1722 2521 1782 2545 VII.

1083 2571 1110 2587 v.
1136 2561 1201 2595 895)
1230 2563 1419 2592 Promocumle,
1447 2563 1621 2595 dispensiere
1652 2563 1722 2594 (non
1753 2563 1889 2596 claviger,

995 2605 1084 2636 Leib.)
1097 2606 1180 2629 usato
1193 2605 1224 2629 in
1238 2606 1338 2637 questo
1353 2612 1435 2630 senso
1449 2606 1485 2630 da
1498 2605 1589 2630 Paolo
1605 2605 1729 2630 diacono
1749 2605 1889 2630 nell’inno

994 2647 1023 2672 di
1037 2654 1087 2672 san
1100 2647 1256 2672 Benedetto
1272 2647 1286 2661 “
1297 2646 1364 2673 Cur.
1377 2648 1580 2681 promoconde,
1593 2649 1676 2672 times
1689 2648 1798 2673 stillam
1811 2656 1888 2681 prae-

996 2689 1083 2714 “bere
1102 2689 1245 2720 1echit1?„
1267 2687 1354 2723 (Hist.
1375 2690 1504 2722 Longob„
1522 2688 1554 2714 L.
1573 2690 1593 2720 Ι,
1613 2697 1672 2722 cap.
1693 2689 1747 2721 26).

1082 2739 1109 2755 v.
1127 2729 1189 2763 897)
1202 2733 1267 2761 post
1291 2739 1372 2756 annos
1396 2731 1476 2760 binos,
1503 2733 1664 2755 veramente
1683 2731 1747 2755 solo
1769 2738 1801 2762 14
1819 2732 1889 2756 mesi
1916 2740 1950 2767 35

993 2771 1039 2805 (29
1058 2772 1151 2805 luglio
1168 2772 1265 2806 1099·8
1279 2773 1428 2798 settembre
1443 2772 1533 2805 uoo).
1558 2773 1657 2798 Dovea
1670 2780 1753 2797 avere
1767 2773 1842 2798 circa
1855 2772 1890 2798 80

993 2815 1070 2846 anni,
1091 2813 1192 2848 perche
1210 2812 1258 2847 gia
1278 2815 1323 2839 nel
1343 2814 1407 2846 1058
1426 2822 1473 2840 era
1492 2815 1659 2839 cancelliere
1680 2815 1826 2847 imperiale
1840 2823 1889 2847 per

992 2856 1107 2882 1‘1tana.
1144 2856 1198 2881 Nel
1217 2858 1326 2889 partito
1346 2857 1494 2889 imperiale
1513 2857 1538 2881 si
1557 2857 1656 2881 diffuse
1670 2857 1698 2881 la
1711 2863 1780 2881 voce
1793 2857 1888 2882 dimi·

993 2899 1081 2924 raeoli
1102 2899 1239 2923 avvenuti
1258 2899 1301 2923 sul
1320 2906 1371 2923 suo
1393 2899 1523 2932 sepulcro
1544 2900 1624 2928 (Arm.
1645 2899 1674 2924 S.
1695 2899 1825 2932 Disibodi,
1847 2901 1888 2925 M.

999 2942 1029 2966 G.
1051 2942 1097 2970 H„
1118 2941 1180 2970 SS„
1203 2940 1293 2971 XVII,
1321 2948 1397 2974 1099,
1424 2942 1510 2967 Codex
1539 2941 1672 2972 Udalrici,
1692 2940 1792 2973 Jsmvs,
1815 2942 1887 2967 Bibl.
1915 2949 1950 2976 40

992 2991 1083 3008 rerum
1108 2983 1204 3012 Germ„
1224 2982 1257 3013 V,
1276 2991 1324 3016 pp.
1345 2982 1471 3017 194—96):
1493 2983 1512 3007 il
1533 2984 1583 3008 che
1609 2983 1726 3008 Indusse
1750 2983 1887 3016 Pasquale

993 3033 1008 3050 a
1028 3025 1109 3050 farne
1127 3024 1325 3059 disseppenire
1344 3025 1371 3051 la
1391 3025 1479 3051 salma
1499 3033 1513 3050 e
1531 3025 1653 3059 gettarla
1672 3026 1718 3051 nel
1737 3025 1853 3054 Tevere.

1919 2310 1950 2336 ²5

1918 2525 1952 2551 30

1981 1334 2002 1351 e.
2018 1334 2065 1353 72r
