2288 3476
679 245 913 282 EPITOME
939 245 1270 282 POLIRONESE

31 458 34 463 ,
67 415 184 455 ⁴·teriit
206 422 352 465 conjuge
377 421 500 455 relicta
523 422 694 455 Mathilda
718 422 891 454 Bonifacii
914 433 954 454 ac
978 421 1147 454 Beatricis
1178 420 1363 454 admodum
1395 420 1583 453 clarissima
1606 419 1686 457 filia,
1710 429 1773 461 per
1796 417 1891 461 quod

30 474 31 477 ’
64 474 220 514 ·scitur,
243 475 337 518 quod
360 475 448 507 haec
471 475 654 508 Comitissa
676 475 736 507 illo
759 475 831 507 viro
854 475 1022 517 nupserit,
1052 474 1132 507 huic
1155 474 1289 506 scilicet
1312 472 1510 507 Gothfrido.
1556 473 1618 505 Est
1643 477 1678 504 et
1701 471 1891 514 aliquorum

64 527 185 567 ·inio‚
216 529 311 571 quod
333 528 396 561 iste
428 527 636 562 Gothfridus
667 528 737 560 dux
767 528 873 561 fuerit
903 528 1120 570 spoletanus,
1151 537 1358 570 quamquam
1381 527 1418 558 in
1447 526 1568 558 eadem
1601 525 1703 568 copia
1726 525 1799 557 eius
1822 534 1892 556 non

57 581 253 630 *ominetur
276 581 429 614 ducatus.
476 581 605 614 Scribit
628 580 718 613 enim
740 579 910 613 Martinus
934 581 1086 613 Polonus
1108 580 1316 613 in‘Cronica
1337 590 1399 612 sua
1412 579 1434 622 ¹,
1458 579 1553 622 quod
1577 578 1782 612 Gothfridus
1805 577 1894 620 Spo-

56 625 191 692 petanus
220 632 292 666 dux
313 639 348 666 et
369 634 552 667 Comitissa
575 634 757 667 Mathildis
780 634 906 667 devota
929 634 999 666 filia
1023 633 1144 666 Sancti
1176 633 1281 671 Petri,
1313 633 1507 666 Normanos
1538 632 1748 675 expulerint;
1773 631 1833 674 qui
1856 631 1892 663 in

2 715 9 736 ,=
64 703 71 713 ‹›
103 686 306 719 eiudicium
330 686 490 719 Ecclesie
520 686 722 719 Alexandro
751 697 843 729 papa
865 687 1022 719 secundo
1045 686 1264 728 praesidente
1288 687 1429 718 natione
1452 684 1725 723 mediolanense,
1748 694 1894 727 regnum

11 745 22 776 ᾗ
54 736 207 792 2Apuliae
238 739 449 778 invaserunt,
474 745 509 772 et
531 740 616 772 fines
647 740 858 782 Campaniae
891 739 1126 772 devastabant.
1170 739 1275 772 Ponit
1305 749 1440 783 quoque
1470 738 1617 771 Iacobus
1648 738 1692 770 de
1715 737 1891 780 Varagine

2 818 6 824 .
53 792 129 829 ord.
153 792 297 825 fratrum
321 792 610 834 praedicatorum.
656 791 952 835 Archiepiscopus
975 792 1151 824 Ianuensis
1174 792 1209 823 in
1226 791 1377 824 Cronica
1399 802 1460 824 sua
1483 792 1578 835 quod
1600 792 1689 824 haec
1711 790 1892 824 Mathildis

54 843 180 882 tradita
202 845 334 888 nuptui,
365 856 443 878 cum
466 846 510 879 de
542 846 618 878 viro
641 856 703 878 suo
726 845 832 877 filium
863 845 1049 889 genuisset,
1081 852 1222 888 propter
1245 846 1395 884 dolores,
1427 856 1514 889 quos
1536 846 1571 877 in
1594 851 1695 888 partu
1726 851 1891 883 senserat,

0 898 15 935 ’Ϊ
51 893 166 938 'holuit
187 904 311 942 postea
332 899 408 931 viro
431 909 492 931 suo
516 899 697 942 coniungi3
729 898 846 942 sicque
868 898 938 931 filio
969 904 1113 938 mortuo,
1138 909 1247 942 eaque
1276 899 1473 941 superstite,
1505 899 1578 930 sine
1601 898 1721 930 liberis
1751 898 1891 931 tandem

52 951 175 987 ultima
197 951 341 986 defecit.
387 952 513 984 Fertur
529 952 632 985 etiam
649 951 743 994 quod
759 963 822 995 per
838 952 943 994 ipsius
958 957 1076 994 partus
1099 951 1248 991 dolores,
1272 952 1421 984 animata
1436 952 1473 983 in
1489 952 1646 984 maritum
1663 951 1774 994 ipsum
1789 951 1893 984 fuerit

8 1032 15 1035 ,
54 987 222 1050 insecuta,
253 1011 288 1037 et
310 1006 414 1046 forte,
444 1011 482 1037 ut
505 1005 612 1048 aliqui
643 1010 831 1042 autumant,
854 1016 918 1047 per
948 1005 1098 1043 modum,
1123 1005 1182 1047 qui
1213 1004 1327 1037 dictus
1351 1010 1413 1042 est,
1444 1005 1480 1036 in
1511 1015 1589 1037 eum
1620 1015 1742 1037 necem
1774 1016 1792 1037 a
1823 1004 1893 1037 filio

2 1070 14 1088 s
52 1056 176 1092 inferri
199 1068 414 1101 procurasse.
460 1058 505 1090 Et
525 1064 712 1100 propterea
735 1058 816 1090 licet
832 1058 947 1091 divina
964 1058 1103 1090 occulta
1119 1057 1249 1090 ultione
1265 1059 1485 1100 postmodum
1501 1058 1641 1090 viduata
1657 1057 1791 1096 marito,
1807 1057 1894 1090 filio-

54 1121 123 1156 que
146 1123 187 1144 ea
209 1111 393 1154 superstite
417 1112 564 1153 privata,
580 1111 695 1143 multis
710 1110 804 1153 prius
819 1110 989 1143 bellorum
1006 1110 1233 1148 conflictibus,
1250 1117 1284 1143 et
1300 1110 1546 1143 adversitatum
1563 1111 1710 1143 stimulis
1726 1111 1893 1149 lacessita,

0 1176 2 1179 ’
53 1171 92 1199 ut
113 1164 246 1208 patebit
268 1165 304 1197 in
326 1163 560 1208 sequentibus,
583 1169 619 1196 et
641 1174 780 1196 suorum
802 1163 957 1196 ultimam
982 1163 1183 1201 decessisse,
1215 1170 1249 1196 et
1279 1173 1343 1205 pro
1374 1175 1454 1196 suae
1486 1165 1640 1196 remedio
1671 1164 1794 1206 anime,
1827 1174 1893 1207 que

3 1214 10 1255 ᾗ
52 1217 264 1265 possidebat,
287 1217 519 1260 apostolorum
543 1217 718 1260 clavigero
734 1216 926 1259 reliquisse.
973 1216 1144 1250 Scribitur
1165 1223 1279 1249 autem
1301 1217 1337 1248 in
1353 1217 1442 1249 libro
1466 1218 1524 1259 qui
1540 1217 1664 1249 Datius
1687 1217 1893 1260 appellatur,

7 1287 11 1292 ·-
53 1266 148 1315 ‘quod
170 1271 236 1304 hec
261 1269 444 1303 Comitissa
466 1270 648 1302 Mathildis
664 1280 741 1302 cum
765 1270 832 1302 iam
856 1270 989 1303 duobus
1012 1270 1176 1303 fratribus
1201 1270 1376 1307 emortuis,
1399 1280 1485 1313 quos
1508 1270 1650 1302 Henrici
1673 1271 1893 1313 Imperatoris

0 1357 5 1373 ᾗ
54 1323 244 1359 calliditate
268 1324 404 1357 occisos
426 1324 504 1357 fore
527 1323 704 1362 credebat,
727 1333 832 1366 seque
855 1323 962 1355 solam
987 1323 1108 1356 videns
1131 1324 1358 1366 superstitem,
1382 1330 1541 1366 serpente
1565 1324 1624 1366 qui
1648 1323 1728 1356 olim
1752 1324 1894 1366 protho-

48 1377 183 1422 fplastos
205 1377 240 1409 in
261 1377 423 1419 paradiso
446 1376 512 1409 Dei
535 1376 693 1409 callidior
716 1376 871 1418 decepit,
902 1377 1081 1419 ipsumque
1112 1387 1281 1420 quaerens
1311 1376 1556 1419 imperatorem
1581 1388 1601 1409 a
1624 1387 1732 1420 regno
1755 1377 1893 1419 privare

52 1430 140 1464 dolis
162 1430 376 1469 acutissimis,
391 1440 460 1462 non
475 1429 577 1461 armis
601 1429 771 1467 laborans,
794 1429 939 1471 septimo
963 1430 1099 1462 adhesit
1122 1430 1304 1473 Gregorio,
1328 1430 1387 1472 qui
1410 1430 1505 1472 prius
1528 1430 1759 1472 Ildeprandus
1782 1430 1894 1463 dictus

36 1489 114 1527 ‘'fiest.
160 1484 260 1523 Quae
276 1493 353 1516 cum
370 1489 472 1516 antea
495 1483 603 1526 virgo,
620 1483 792 1526 Gigonem
817 1483 1252 1525 virum-prudentissimum
1275 1483 1562 1516 Northimandiae
1586 1484 1717 1515 Ducem
1741 1483 1894 1516 duxisset

41 1529 87 1570 dn
110 1537 269 1570 maritum
293 1547 356 1579 per
378 1547 487 1568 annos
509 1546 641 1578 paucos
663 1546 780 1568 secum
802 1542 947 1576 morata,
970 1547 1074 1578 supra
1096 1548 1133 1569 se
1154 1538 1224 1580 jam
1247 1536 1432 1579 poenitens
1454 1536 1600 1580 alicujus
1630 1537 1759 1569 habere
1784 1537 1893 1569 domi-

52 1590 156 1629 nium,
180 1590 324 1623 consilio
347 1589 433 1622 inito
457 1600 535 1622 cum
558 1589 702 1622 vernula
724 1589 789 1622 sibi
812 1589 1022 1628 fidelissima,
1045 1590 1226 1632 ipsumque
1249 1590 1295 1623 ad
1318 1590 1472 1622 cloacam
1496 1601 1600 1632 super
1626 1591 1740 1623 lacum
1772 1591 1895 1624 seden-

52 1649 123 1677 tem
146 1653 211 1686 per
232 1653 406 1676 secessum
429 1643 581 1675 immisso
606 1653 687 1675 ense
711 1643 798 1675 fecit
820 1642 973 1675 interimi
984 1642 1007 1674 ².
1053 1643 1140 1676 Cum
1163 1649 1276 1676 autem
1299 1643 1403 1676 robur
1426 1654 1447 1676 a
1469 1643 1598 1676 Tuscia
1620 1654 1728 1686 usque
1745 1644 1894 1676 Romam

39 1698 236 1730 *comitatus
257 1697 309 1730 sui
332 1697 407 1729 fere
431 1697 504 1729 sola
527 1702 717 1734 exerceret,
740 1702 914 1739 pactoque
936 1697 1166 1729 secretissimo
1190 1696 1308 1729 habito
1332 1707 1409 1728 cum
1433 1697 1554 1729 eodem
1578 1696 1800 1740 Ildeprand0‚
1826 1698 1894 1730 Ec-

37 1751 178 1787 clesiae
201 1751 382 1784 Romanae
404 1756 487 1783 tunc
510 1750 672 1787 diacono,
695 1760 758 1782 nec
774 1760 844 1782 non
864 1760 942 1782 cum
958 1750 1220 1792 quamplurimis
1236 1750 1407 1794 religiosis
1422 1750 1553 1783 ossibus
1572 1750 1693 1782 Albini
1710 1756 1744 1783 et
1766 1751 1894 1783 Ruffini

38 1804 190 1847 sparsis,
211 1810 380 1847 quatenus
395 1804 468 1836 sine
492 1813 661 1836 consensu
684 1803 902 1845 imperatoris
924 1803 960 1835 in
983 1803 1181 1845 pontificem
1203 1803 1529 1836 reverendissimum
1553 1804 1729 1847 eligerent,
1753 1809 1790 1836 ut
1813 1814 1894 1837 con-

32 1865 41 1889 ?
53 1863 249 1891 sacraretur
270 1868 412 1900 operam
436 1856 545 1889 dedit.
592 1857 664 1890 Sed
686 1867 730 1889 ne
747 1866 860 1889 sermo
876 1867 1040 1898 praesens
1057 1857 1216 1890 videatur
1231 1863 1384 1890 mortuos
1398 1867 1574 1895 accusare,
1591 1858 1637 1890 ad
1652 1857 1894 1901 subsequentia

52 1910 275 1955 procedatur.

32 2090 37 2118 s
54 2094 104 2120 che
123 2093 138 2119 ὲ
157 2095 348 2119 chiaramente
367 2101 447 2127 presa
467 2094 544 2119 dalla
563 2094 638 2119 srase
658 2101 711 2119 con
732 2095 777 2119 cui
801 2094 947 2119 Landolfo

54 2137 130 2162 nella
149 2137 310 2170 penultima
329 2138 390 2168 riga
410 2137 527 2169 designa
548 2137 568 2161 il
583 2144 633 2161 suo
653 2137 768 2162 lavoro:
783 2137 808 2161 in
829 2138 877 2162 hac
890 2146 947 2161 mea

20 2171 27 2191 ἶ
53 2181 130 2211 copia
148 2179 200 2213 (M
226 2179 256 2204 G.
278 2181 323 2211 H.,
345 2180 406 2211 SS.‚
423 2179 483 2208 XX,
503 2187 529 2213 p.
549 2187 591 2212 49,
613 2186 674 2213 cap.
694 2177 748 2212 68).

21 2235 23 2237 -
142 2220 152 2238 ¹
173 2221 282 2250 Questo
299 2222 390 2246 brano
403 2222 439 2246 da
451 2223 496 2247 hec
511 2222 661 2247 Comitissa.
673 2241 678 2247 .
691 2239 713 2247 ..
732 2223 796 2246 sino
809 2229 826 2246 a
839 2226 947 2253 operam

23 2259 35 2278 '¹
53 2264 131 2289 dedit
147 2262 162 2288 ὲ
180 2271 264 2296 preso
283 2264 341 2288 alla
359 2263 460 2291 lettera
479 2264 515 2288 da
528 2264 671 2289 Landolfo
684 2265 797 2289 seniore
809 2263 947 2297 (Historia

20 2299 33 2327 s*
53 2306 274 2337 Medianensis,
294 2307 336 2331 M.
361 2307 391 2331 G.
413 2307 459 2335 H.,
480 2307 540 2337 SS.‚
560 2306 633 2335 VIII.
653 2314 679 2338 p.
698 2305 744 2339 98)
765 2307 815 2331 che
832 2313 879 2331 era
902 2307 946 2331 de-

1002 2096 1015 2110 a
1027 2095 1134 2119 suerint
1152 2095 1273 2127 expulsi.
1310 2094 1365 2119 Sed
1384 2097 1469 2120 etiam
1490 2097 1580 2120 cetera
1599 2103 1652 2128 que
1665 2096 1711 2120 hic
1731 2096 1894 2120 inseruntur

1004 2138 1017 2151 u
1029 2139 1095 2162 sunt
1116 2138 1245 2162 fabulosa
1266 2140 1353 2170 prout
1370 2145 1406 2162 ex
1425 2139 1566 2163 varietate
1585 2138 1696 2170 liquido
1716 2140 1810 2171 potest
1835 2138 1893 2162 col-

1003 2180 1088 2213 “ligi
1125 2178 1205 2209 Quae
1225 2181 1339 2212 quidem
1358 2181 1391 2205 ab
1412 2181 1583 2205 adversariis
1601 2181 1726 2205 eiusdem
1751 2181 1894 2205 comitisse

1002 2221 1213 2254 “fingebantur‚
1243 2224 1292 2254 qui
1319 2222 1430 2247 sclllcet
1459 2223 1631 2247 adherebant
1658 2223 1781 2247 Henrico
1806 2223 1894 2247 tertio

1001 2265 1191 2296 “imperatori
1213 2266 1240 2289 et
1266 2264 1397 2290 Guiberti
1417 2265 1570 2298 antipapae
1593 2265 1765 2290 scismaticis
1792 2266 1891 2290 contra

1002 2306 1093 2339 “quas
1114 2315 1165 2340 pro
1185 2308 1351 2332 defensi0ne
1370 2308 1516 2332 Romanae
1534 2307 1678 2332 Ecclesiae
1697 2308 1773 2332 dicta
1799 2307 1894 2332 Comi-

1923 2143 1954 2169 25

17 2344 30 2380 ξ
54 2349 169 2381 signato
188 2349 277 2373 anche
295 2355 372 2373 come
390 2349 498 2379 Dauus,
511 2356 590 2374 come
603 2351 710 2374 mostra
724 2349 744 2373 il
759 2349 948 2374 Wattenbach

16 2389 31 2428 ’,ξ
55 2390 132 2415 nella
151 2391 318 2423 prefazione
336 2398 353 2415 a
372 2390 517 2415 Landolfo
543 2391 596 2423 (op.
622 2392 677 2421 cit„
696 2399 723 2424 p.
748 2391 802 2423 34).
840 2390 947 2420 Questo

13 2430 33 2466 fils
54 2434 191 2466 permette
210 2433 239 2457 di
260 2439 422 2466 correggere
441 2433 469 2457 la
488 2433 562 2457 irase
581 2434 630 2458 che
649 2432 664 2458 'e
683 2435 714 2458 in
733 2433 787 2458 fine
812 2434 839 2458 al
860 2434 949 2458 brano

21 2489 33 2508 ·.
56 2474 95 2500 “a
115 2475 260 2500 sinibus
278 2474 380 2499 Albini
400 2477 429 2500 et
453 2475 560 2499 Ruffini
589 2476 722 2508 sparsis„
751 2476 801 2500 che
827 2483 885 2500 non
911 2476 948 2500 ha

12 2510 30 2557 ᾗῇ
54 2524 147 2548 senso,
167 2524 182 2542 e
199 2524 235 2542 va
254 2518 377 2542 corretta
397 2517 427 2542 in
448 2516 461 2529 “
474 2517 585 2542 ossibus
604 2517 640 2543 A.
659 2519 687 2542 et
706 2517 738 2542 R.
753 2525 796 2549 s.‚,
816 2518 866 2543 che
879 2518 947 2543 vuol

10 2551 31 2597 ἐξ
54 2559 124 2589 dire,
143 2559 312 2584 distribuite
332 2566 386 2584 oro
404 2560 437 2584 ed
459 2561 587 2592 argento,
609 2558 659 2584 che
678 2561 735 2585 tale
755 2568 802 2585 era
821 2560 845 2585 ll
858 2560 947 2593 signi-

12 2599 29 2632 '4'2
53 2600 137 2626 ficato
156 2601 186 2626 dl
205 2602 305 2633 questa
324 2601 398 2626 frase
423 2602 470 2626 nel
496 2609 548 2626 sec.
574 2601 621 2626 XI.
658 2601 682 2626 11
708 2609 758 2627 ms.
777 2601 947 2627 Fiorentino

8 2645 13 2670 Ῑ
54 2645 177 2669 metten
195 2644 309 2673 Darius,
329 2644 340 2668 i
365 2643 446 2669 codd.
471 2643 589 2668 Estense
613 2651 628 2669 e
652 2644 821 2669 Polironese
840 2646 943 2676 Danas,

54 2693 99 2710 ma
117 2684 132 2711 ὲ
151 2686 249 2711 chiaro
268 2686 318 2711 che
337 2686 365 2710 la
384 2685 475 2710 forma
494 2688 585 2711 esatta
605 2685 619 2711 ὲ
637 2687 747 2711 Datius.

5 2758 8 2768 Ι
141 2726 154 2743 ²
171 2727 224 2753 Nel
243 2727 341 2753 codice
361 2729 476 2753 Estense
497 2729 525 2753 vi
546 2735 617 2753 sono
636 2729 738 2754 alcune
759 2729 876 2763 postille
897 2730 946 2754 che

17 2783 18 2786 =
53 2770 243 2803 distinguono
263 2771 340 2794 varie
361 2770 495 2801 opiniones
513 2769 616 2803 (prima
635 2770 700 2803 etc.)
722 2779 754 2796 su
778 2772 870 2804 questi
891 2779 947 2796 ma-

6 2808 26 2862 J
54 2814 190 2838 trimoni:
212 2813 384 2838 dell'ultima
409 2814 485 2838 dice:
514 2813 695 2839 “concordat
720 2822 782 2839 cum
809 2816 948 2848 opinione

18 2863 22 2866 ⁷
55 2854 196 2880 ¹2⁸11cet
215 2855 396 2880 discordatur
423 2857 452 2880 in
479 2856 595 2880 nomine
606 2873 631 2888 η.
667 2856 720 2881 Nel
747 2857 844 2881 codice
869 2857 947 2882 Poli-

8 2895 22 2926 ἶ·
53 2904 153 2922 ronese
164 2898 192 2921 vi
206 2895 222 2921 ὲ
234 2897 334 2922 lnvece
348 2905 404 2921 una
417 2898 517 2922 vivace
531 2898 735 2922 consutazione
748 2898 776 2922 di
791 2906 848 2923 una
863 2906 947 2925 mano

2 2932 22 2969 ξ
53 2938 99 2963 del
120 2939 270 2971 principio
289 2938 335 2963 del
354 2939 416 2970 ’500
434 2939 484 2963 che
502 2940 632 2972 riporto:
655 2939 730 2964 “His
743 2941 837 2965 tamen
852 2941 947 2965 verbis

0 2968 28 3026 ᾗ
55 2979 139 3004 “non
159 2980 242 3005 datur
262 2980 387 3013 intelligi
408 2981 483 3013 quod
504 2981 597 3006 dictus
616 2981 674 3006 dux
692 2982 739 3006 vlr
759 2982 861 3007 suisset
873 2983 949 3008 dicte

0 3021 29 3072 ξε·
58 3020 71 3034 “
82 3021 238 3048 Comitlsse
252 3023 320 3048 licet
330 3024 477 3057 utriusque
491 3024 602 3049 auxilio
612 3026 640 3049 et
650 3025 780 3057 potentia
790 3025 947 3051 Nox-manni

0 3071 20 3092 *a

1003 2348 1095 2374 “tissa
1115 2350 1231 2374 sortiter
1256 2350 1372 2374 ardebat
1396 2351 1425 2374 et
1446 2350 1537 2374 multa
1557 2350 1631 2374 bella
1655 2351 1752 2382 gessit,
1774 2351 1894 2374 maxime

1004 2392 1090 2416 “cum
1110 2393 1222 2424 prefato
1247 2393 1427 2425 imperatore.
1465 2392 1539 2416 Vide
1563 2393 1719 2425 hystoriam
1745 2393 1895 2416 Martinia-

1002 2434 1099 2458 “nam.
1137 2434 1190 2459 Sed
1209 2435 1296 2458 etiam
1317 2436 1340 2458 is
1365 2436 1412 2466 qui
1440 2434 1607 2459 fasciculum
1633 2436 1793 2466 temporum
1819 2442 1894 2459 com-

1004 2476 1125 2509 “posuit
1144 2477 1174 2500 in
1194 2477 1322 2509 postillis
1348 2477 1398 2501 sub
1423 2477 1547 2501 Henrico
1566 2476 1606 2501 111
1631 2476 1690 2509 (qui
1717 2477 1773 2501 cite
1797 2477 1844 2501 hic
1865 2478 1894 2501 in

1001 2517 1014 2530 “
1027 2526 1111 2550 prosa
1130 2521 1261 2550 quartum
1283 2518 1425 2550 nominat)
1440 2519 1565 2551 ponitur.
1591 2518 1725 2543 Matildis
1739 2518 1895 2543 Comitissa

1004 2560 1233 2594 “triumphatrix
1252 2561 1354 2586 inclita
1373 2561 1557 2586 Normannos
1575 2561 1762 2593 expugnavit,
1776 2562 1894 2594 impera-

1002 2602 1014 2616 '‘
1027 2605 1118 2627 torem
1137 2603 1301 2633 debellavit,
1321 2611 1373 2636 pro
1393 2604 1510 2628 eeclesia
1529 2603 1737 2636 gloriosissime
1750 2603 1895 2629 laboravit

1003 2644 1017 2657 ¹¹
1028 2647 1055 2670 et
1075 2646 1189 2670 tandem
1202 2647 1296 2670 totum
1309 2653 1389 2671 suum
1403 2647 1607 2679 patrimonium
1620 2653 1702 2679 super
1716 2645 1805 2670 altare
1817 2647 1894 2671 beati

1003 2686 1103 2712 “Petri
1124 2687 1240 2712 obtulit.
1276 2688 1350 2713 Nam
1368 2690 1396 2713 et
1417 2689 1446 2712 in
1466 2688 1519 2712 hoc
1543 2688 1718 2712 monasterio
1733 2690 1799 2713 sunt
1811 2689 1895 2721 plura

1003 2732 1017 2744 ²
1028 2731 1182 2764 privilegIa
1202 2732 1260 2756 tam
1280 2739 1453 2756 summorum
1467 2731 1633 2764 pontificum
1647 2739 1728 2763 quam
1744 2733 1829 2756 etiam
1844 2733 1894 2756 im-

1002 2774 1016 2788 “
1026 2775 1188 2806 peratorum
1209 2774 1382 2806 probitatem
1396 2774 1480 2799 huius
1494 2774 1639 2798 comitisse
1652 2774 1805 2806 plurimum
1820 2782 1895 2799 com-

1004 2815 1202 2840 “mendantes.
1240 2816 1306 2841 Fuit
1330 2817 1406 2840 enim
1431 2817 1538 2848 pietate
1564 2824 1596 2840 ac
1621 2816 1785 2840 humilitate
1810 2816 1895 2841 valde

1003 2857 1190 2890 “conspicua.
1228 2857 1300 2882 Nam
1326 2859 1356 2882 in
1383 2858 1441 2882 suis
1467 2858 1631 2890 privilegiis
1657 2865 1775 2889 quorum
1805 2858 1895 2882 multa

1004 2898 1095 2924 “sunt
1115 2901 1144 2924 in
1164 2900 1339 2924 monasterio
1359 2908 1416 2924 non
1438 2906 1466 2924 se
1485 2900 1628 2932 preconiis
1648 2901 1697 2924 aut
1721 2899 1818 2924 titulis
1837 2906 1894 2924 ma-

1922 2358 1957 2384 30

1921 2572 1954 2598 35

1922 2780 1957 2806 40

1005 2940 1143 2973 “gnificis
1161 2941 1250 2966 efferii
1269 2941 1374 2971 voluit,
1395 2942 1442 2966 sed
1460 2941 1514 2966 hoc
1534 2941 1596 2966 solo
1616 2949 1665 2966 usa
1684 2943 1739 2966 est:
1766 2942 1895 2966 Matildis

1004 2983 1137 3015 “quiquid
1154 2987 1201 3012 est,
1220 2985 1277 3014 aut,
1297 2984 1425 3008 Matildis
1443 2985 1468 3008 si
1484 2984 1550 3016 quid
1561 2988 1608 3009 est.
1633 2983 1724 3008 Huius
1737 2984 1893 3018 hystoriam
1922 2990 1954 3019 45

1005 3026 1124 3051 “verius
1144 3027 1174 3051 in
1194 3027 1318 3051 carmine
1338 3025 1450 3051 videbis
1462 3043 1488 3058 „.
