2288 3476
405 246 418 281 l
431 246 475 281 16
1023 240 1256 277 EPITOME
1285 238 1616 275 POLIRONESE

397 372 450 399 tes
473 372 621 399 tremore
645 364 804 398 concussi
827 370 907 396 sunt
928 363 1058 405 pariter
1081 367 1116 394 et
1139 362 1273 394 timore.
1321 361 1392 393 Sed
1415 359 1511 399 Atto,
1533 360 1586 393 vir
1608 360 1790 404 singularis
1812 360 2113 404 magnanimitatis,
2128 367 2195 394 sta-

397 419 552 458 advenit‚
576 424 610 450 et
633 428 693 451 eos
725 418 912 449 cohortans
935 415 980 448 ad
1011 415 1140 447 bellum
1163 413 1294 446 viribus
1323 413 1505 456 resumptis
1535 419 1570 446 et
1595 413 1729 453 animis,
1752 424 1794 447 eo
1818 414 1919 452 duce,
1952 413 2131 447 durissime
2171 430 2178 442 ·
2209 406 2212 414 ’

399 472 510 504 liatur.
555 472 714 503 Tandem
737 471 821 503 licet
845 479 923 501 cum
954 478 1080 512 magna
1102 477 1240 500 suorum
1272 467 1371 505 cede,
1402 465 1486 499 Atto
1511 476 1589 498 cum
1619 467 1690 498 suis
1719 467 1832 500 victor
1864 467 1989 504 extitit,
2021 472 2056 499 et
2086 467 2170 511 fuga
2193 484 2206 494 ι4

396 524 627 557 Adalbertum
649 533 757 567 regno
780 522 941 565 privavit.
989 519 1059 559 Qui
1083 520 1184 564 regni
1208 520 1322 552 amissi
1347 520 1588 552 confusionem
1604 529 1673 552 non
1689 520 1873 562 sustinens,
1888 519 2113 562 pertransivit
2128 519 2159 553 Ο
2189 544 2195 548 -

397 589 489 619 num,
514 577 659 619 amplius
682 575 824 608 minime
855 585 1064 607 reversurus.
1111 572 1167 605 Ab
1192 583 1233 605 eo
1257 583 1396 616 quoque
1422 571 1660 616 Longobardi,
1692 572 1822 605 nullum
1853 573 1918 606 sibi
1948 583 2066 617 regem
2096 572 2172 606 ult

396 636 598 663 statuerunt.
644 630 742 661 Haec
767 633 882 660 autem
913 634 991 660 acta
1014 632 1093 659 sunt
1115 636 1204 658 anno
1230 626 1532 669 octingentessimo
1556 626 1592 666 (l)
1622 625 1908 669 quintodecimo¹
1932 626 2109 659 Incarnati
2131 624 2204 659 Va.

397 683 473 716 Dei.
519 683 653 725 Corpus
675 681 801 714 Litulfi
825 680 911 713 Atto
932 680 1074 718 habens,
1107 679 1234 712 educta
1263 690 1308 712 ex
1332 689 1375 712 eo
1397 679 1545 718 viscera,
1568 679 1604 711 in
1637 679 1785 712 ecclesia
1809 678 1846 712 S.
1870 679 2032 722 Prosperi
2055 679 2200 722 sepelli

397 738 531 779 Corpus
554 736 692 769 tandem
725 735 829 778 digne
859 734 1028 767 condiens
1054 732 1273 772 aromatibus,
1305 733 1396 776 patri
1425 733 1610 765 transmisit
1640 732 1770 771 ottoni,
1801 742 1948 776 eumque
1978 743 2042 775 per

397 789 634 822 internuncios
655 789 824 826 hortatur,
848 798 892 819 ne
915 797 979 830 pro
1002 797 1090 820 nece
1115 786 1186 825 filii,
1210 786 1270 829 qui
1294 786 1432 819 fortiter
1454 786 1642 830 pugnando
1666 792 1845 819 corruerat
1867 796 2014 828 merens,
2037 786 2083 819 ad
2105 786 2169 820 Ital
2188 783 2191 785 ’

396 843 527 876 tardius
550 842 731 875 festinaret
753 852 897 885 regnum
912 846 1140 883 percepturus
1155 850 1238 883 rege
1261 839 1442 882 privatum.
1478 838 1560 872 Otto
1583 849 1790 882 quamquam
1813 839 1956 871 nimium
1974 839 2018 872 de
2043 839 2106 871 filii
2129 843 2203 872 mv}

397 895 564 934 turbatus,
595 894 844 928 honorabiliter
875 900 990 927 tamen
1015 903 1057 927 eo
1087 893 1264 935 sepulture
1295 892 1437 931 tradito,
1470 892 1507 924 in
1537 902 1640 924 manu
1670 892 1805 935 potenti
1836 892 1970 925 Italiam
2000 892 2104 931 venit,
2137 886 2196 936 qui
2264 927 2266 936 Ἴ,

397 950 532 983 cunctis
553 949 700 992 pacifice
724 954 896 990 receptus,
919 957 1100 991 regnoque
1124 946 1189 979 sibi
1211 947 1348 984 tradito,
1373 957 1451 978 cum
1475 945 1673 978 civitatibus
1695 945 1842 985 cunctis,
1865 951 1900 978 et
1930 945 2070 989 oppidis
2091 945 2175 979 Ro„
2203 964 2209 989 χ

396 1003 557 1046 perrexit,
581 1009 616 1036 et
631 1013 651 1034 a
667 1012 759 1045 papa
773 1001 875 1034 huius
892 1001 1040 1034 nominis
1055 1001 1187 1033 Ioanne
1203 1000 1422 1037 duodecimo,
1437 999 1576 1042 imperii
1602 999 1764 1032 diadema
1780 999 1949 1042 suscepit:
1974 998 2141 1033 Attonem
2173 1015 2180 1027 ι

395 1058 463 1090 hec
486 1055 620 1100 magnis
643 1056 768 1088 ditavit
790 1054 1001 1094 muneribus,
1032 1060 1067 1086 et
1094 1053 1278 1087 comitatus
1310 1052 1490 1086 decoravit
1520 1053 1666 1085 honore.
1713 1050 1784 1090 Qui
1807 1053 1948 1085 tandem
1980 1052 2170 1095 decedens,
2264 1083 2266 1096 ἱ

397 1110 508 1153 proba
530 1110 675 1142 muliere
698 1108 887 1152 Ildegarda
912 1107 1064 1146 nomine,
1090 1107 1177 1140 duos
1199 1106 1340 1150 reliquit
1362 1106 1452 1138 filios
1477 1106 1733 1139 Gothofredum
1748 1106 1962 1139 Brixiensem
1979 1106 2211 1150 episcopans
2264 1103 2265 1106 ’

397 1164 630 1196 Thedaldum.

1226 1230 1331 1264 CAP.
1357 1230 1416 1263 IV.

396 1306 451 1339 De
477 1305 511 1338 T
509 1306 651 1338 hedaldo
673 1305 809 1338 Attonis
820 1305 910 1348 filzb,
933 1308 967 1336 et
988 1305 1059 1336 eius
1071 1304 1167 1346 filiis,
1197 1302 1371 1335 Thedaldo
1393 1302 1531 1343 scilicet,
1556 1301 1743 1346 Bonifacio
1766 1307 1800 1334 et
1822 1301 1988 1344 Conrado,
2012 1306 2046 1334 et
2066 1302 2109 1335 dc

488 1358 523 1392 T
520 1359 661 1391 kedaldi
682 1363 716 1391 et
739 1357 899 1390 Conradi.

483 1457 689 1490 Thedaldus
709 1456 814 1500 igitur
836 1460 916 1498 post
938 1454 1079 1488 Attonis
1102 1455 1210 1497 patris
1233 1454 1285 1486 sui
1307 1459 1450 1486 mortem
1473 1464 1608 1486 omnem
1631 1459 1812 1495 paternum
1836 1464 1976 1486 servans
2007 1453 2208 1503 honorem,

397 1512 541 1544 virtutes
563 1511 726 1548 imitatus,
751 1515 860 1542 terras
883 1514 918 1541 et
941 1509 1072 1551 oppida
1094 1508 1236 1551 propria
1251 1507 1466 1550 amplificans
1489 1507 1705 1550 principibus
1721 1507 1834 1540 extitit
1847 1513 1960 1545 notus,
1977 1513 2013 1540 et
2029 1517 2141 1540 carus.
2182 1492 2208 1545 §f

395 1566 542 1598 Ioannes
565 1563 726 1606 pontifex
749 1563 857 1595 multa
878 1561 942 1594 sibi
967 1561 1156 1594 dilectione
1181 1561 1384 1593 coniunctus
1406 1561 1580 1592 civitatem
1604 1560 1774 1593 concessit
1804 1560 1994 1594 Ferariam.
2039 1559 2198 1593 Canussi

397 1624 548 1652 castrum
572 1617 679 1649 multa
702 1616 881 1659 diligentia
905 1615 1100 1648 custodivit.
1146 1614 1246 1647 quta
1268 1614 1374 1646 etiam
1402 1613 1490 1646 Padi
1521 1613 1651 1646 fluenta
1681 1613 1785 1657 longe
1816 1625 1836 1646 a
1866 1614 2011 1646 Mantua
2040 1613 2203 1659 milliari

395 1672 517 1704 decem
540 1671 615 1703 Deo
641 1670 782 1713 dignum
814 1669 1004 1701 construxit
1034 1667 1238 1706 Cenobium,
1269 1667 1364 1710 quod
1388 1667 1536 1700 Sanctus
1566 1666 1777 1699 Benedictus
1800 1667 1844 1699 de
1873 1666 2085 1699 Padolirone
2107 1677 2203 1699 ιιιιιι

394 1730 512 1767 patur:
537 1724 572 1756 in
597 1733 664 1766 quo
688 1723 878 1755 monachos
900 1721 964 1754 sub
988 1721 1172 1754 Benedicti
1195 1721 1316 1764 regula
1339 1721 1509 1764 degentes
1532 1719 1691 1753 instituit.
1722 1719 1914 1763 Coniugem
1937 1718 2057 1753 habuit
2079 1719 2160 1764 Voy
2175 1719 2210 1747 ‘rs

395 1778 546 1819 nomine,
570 1787 631 1808 sua
654 1775 815 1808 omnibus
837 1775 967 1817 pietate
991 1774 1202 1817 placentem,
1225 1774 1270 1807 de
1294 1784 1362 1817 qua
1384 1779 1456 1806 tres
1478 1773 1680 1816 procreavit
1701 1772 1805 1805 filios:
1828 1772 2051 1806 Thedaldum
2066 1771 2206 1806 videli

396 1831 455 1874 qui
478 1830 545 1863 fuit
568 1829 713 1862 Aretine
734 1828 830 1861 urbis
852 1827 1067 1871 episcopum,
1084 1833 1118 1860 et
1134 1826 1354 1860 Bonifacium
1370 1826 1516 1860 militem
1540 1832 1724 1865 strenuum,
1740 1826 2010 1870 Conradumque
2032 1827 2168 1869 pruden
2192 1822 2211 1853 J

394 1885 517 1917 virum.
555 1883 728 1916 Moriente
744 1881 851 1926 igitur
868 1892 987 1914 eorum
1002 1888 1101 1924 patre
1118 1880 1315 1922 Thedaldo‚
1331 1880 1554 1913 Bonifacium
1570 1880 1719 1913 instituit
1740 1879 1906 1922 primatus
1922 1880 2054 1913 honore
2069 1880 2177 1924 gaud

396 1938 452 1971 cui
475 1943 511 1970 et
533 1946 712 1969 numorum
737 1935 917 1967 duodenos
939 1945 1061 1968 saccos
1082 1934 1232 1967 refertos
1254 1933 1412 1975 contulit,
1437 1943 1524 1976 quos
1545 1934 1583 1965 in
1605 1943 1666 1965 sua
1689 1943 1827 1966 camera
1843 1931 2081 1966 conservabat.
2119 1933 2189 1967 Vol
2207 1972 2209 1974 ,

396 1991 509 2029 etiam,
531 1996 569 2023 ut
591 2000 632 2023 eo
655 1995 838 2032 praesente
861 1989 926 2031 ipsi
950 1987 1137 2021 Bonifacio
1160 1987 1230 2020 filio
1253 1998 1327 2026 suo,
1351 1987 1480 2020 subditi
1507 1987 1559 2019 sui
1583 1987 1757 2019 fidelitatis
1778 1987 2011 2019 iuramentum
2033 1992 2187 2030 prestare
2197 1975 2215 2026 ἶ

394 2045 599 2078 Thedaldus
615 2050 728 2076 autem
744 2043 851 2086 ipsius
865 2042 1039 2075 Bonifacii
1063 2043 1181 2079 frater,
1204 2040 1370 2074 Aretinus
1386 2041 1582 2084 episcopus,
1594 2041 1772 2084 religionis
1783 2046 1923 2073 sanctae
1937 2040 2105 2073 maximus
2119 2040 2177 2074 cul

395 2099 611 2131 commissum
634 2097 701 2130 sibi
723 2096 874 2129 fideliter
897 2095 1118 2139 gubernavit;
1145 2096 1188 2127 de
1212 2105 1280 2138 quo
1303 2095 1413 2126 fertur
1435 2105 1506 2127 non
1529 2093 1782 2127 obmittendum
1805 2094 2011 2137 exemplum.
2047 2094 2115 2126 Hic
2137 2105 2212 2135 e·-v

397 2153 478 2185 dum
500 2152 536 2183 in
558 2157 725 2193 tempore,
747 2150 846 2195 gravi
870 2150 1018 2193 quadam
1041 2149 1217 2182 laboraret
1248 2148 1443 2192 egritudine
1466 2147 1653 2190 corporali,
1685 2153 1720 2180 et
1750 2148 1794 2180 de
1818 2147 1963 2180 sanitate
1987 2147 2094 2190 ipsius
2114 2146 2209 2180 mest

394 2206 618 2248 desperantes
642 2204 784 2237 omnino
807 2203 874 2236 nisi
896 2203 1102 2236 adulterium
1127 2202 1364 2239 committeret,
1395 2207 1430 2234 et
1460 2201 1564 2234 amici
1595 2202 1669 2234 eius
1700 2201 1744 2233 ad
1775 2201 1862 2234 illud
1892 2200 2099 2244 patrandum
2129 2211 2181 2234 sc
2200 2218 2214 2247 a„

393 2259 607 2295 inducerent,
631 2267 694 2300 pro
717 2257 861 2289 muliere
885 2256 1059 2296 miserunt,
1084 2265 1151 2299 que
1167 2255 1247 2287 dum
1271 2254 1478 2294 advenisset,
1503 2254 1616 2287 statim
1640 2261 1721 2287 ante
1745 2254 1871 2286 lectum
1894 2265 1992 2286 suum
2007 2254 2121 2299 ignem
2143 2254 2154 2286 i
2187 2273 2198 2283 ,«

395 2312 555 2351 accendi,
579 2311 637 2355 qui
661 2311 752 2343 lecto
776 2310 1073 2353 appropinquans,
1095 2315 1130 2341 et
1151 2309 1219 2341 iam
1242 2308 1457 2341 flammarum
1480 2308 1679 2341 incendium
1703 2308 1868 2346 sentiens,
1899 2308 2012 2341 subito
2043 2307 2213 2342 lacrima·

396 2365 621 2399 exclamavit:
651 2364 743 2403 “Ve,
768 2375 811 2396 ve
834 2363 932 2401 mihi;
958 2363 1039 2396 dum
1063 2363 1155 2395 hanc
1178 2362 1282 2395 modo
1306 2368 1443 2394 tenuem
1466 2361 1710 2394 flammiculam
1734 2361 1881 2394 sufferre
1898 2371 1968 2394 non
1982 2370 2132 2404 possum,
2155 2369 2211 2405 qu

399 2420 414 2436 ‘⁴
428 2420 531 2452 modo
555 2419 583 2451 si
606 2429 661 2451 me
683 2417 799 2460 perire
822 2417 1014 2459 contingat,
1037 2422 1160 2459 potero
1184 2414 1338 2448 barathri
1360 2415 1523 2447 incendia
1546 2414 1740 2457 superare?
1767 2414 1889 2447 Scelus
1920 2414 2048 2457 quippe
2070 2414 2172 2454 istud,

401 2473 523 2506 “illum
547 2483 600 2505 me
623 2477 766 2514 puteum
788 2470 996 2510 introducet,
1019 2470 1052 2501 in
1078 2479 1146 2513 quo
1169 2468 1326 2501 funditus
1349 2468 1412 2501 sub
1435 2473 1526 2500 tetro
1543 2468 1624 2512 igne
1641 2468 1755 2510 patiar
1771 2468 1953 2500 cruciatus.
1999 2466 2103 2500 Absit
2125 2460 2213 2513 itaq?

401 2528 464 2559 “ut
485 2536 551 2569 pro
574 2525 758 2568 temporali
774 2524 930 2562 sanitate,
947 2528 1069 2556 eterna
1085 2533 1140 2554 me
1155 2523 1333 2566 contingat
1355 2522 1464 2554 salute
1481 2521 1608 2564 privari
1623 2544 1651 2561 „.
1682 2521 1763 2554 Tali
1779 2521 1884 2564 igitur
1907 2521 2065 2564 exemplo
2087 2520 2202 2564 prud

394 2580 537 2612 antistes
558 2578 732 2612 subditum
755 2577 821 2610 sibi
843 2586 986 2621 gregem
1009 2576 1159 2614 monuit;
1184 2582 1218 2608 et
1240 2575 1316 2608 Deo
1339 2581 1510 2608 annuente
1542 2575 1667 2607 meruit
1689 2575 1883 2607 sanitatem.
1928 2573 2054 2606 Mirum
2077 2574 2181 2607 etiam
2211 2571 2214 2581 ³

395 2634 534 2666 modum
571 2633 762 2665 detestatus
793 2636 844 2663 est
874 2629 1096 2662 simoniacam
1126 2629 1342 2672 pravitatem.
1388 2628 1565 2660 Defuncto
1596 2629 1715 2670 itaque
1746 2627 1943 2666 Thedald0‚
1974 2626 2178 2660 Bonifacius
2254 2667 2255 2672 1

395 2687 579 2720 Conradus
603 2685 676 2718 eius
697 2684 760 2717 filii
784 2685 875 2716 inter
897 2694 934 2716 se
958 2683 1114 2716 fraterna
1136 2682 1295 2715 vixerunt
1325 2681 1524 2719 concordia,
1555 2692 1658 2725 quam
1690 2681 1770 2713 licet
1798 2680 1913 2723 plures
1945 2679 2049 2713 emuli
2078 2679 2180 2713 scind
2209 2679 2215 2707 ’1
2254 2677 2255 2680 ’

395 2741 595 2778 niterentur,
620 2748 757 2781 semper
780 2737 1001 2770 nihilominus
1024 2736 1114 2769 inter
1137 2746 1196 2769 eos
1223 2735 1362 2768 maioris
1393 2734 1588 2768 dilectionis
1621 2734 1800 2767 crescebat
1832 2734 1991 2767 affectus.
2035 2733 2204 2769 Bonifaci

395 2793 595 2826 Richildam
619 2792 839 2825 Comitissam
863 2790 1050 2823 Giselberti
1071 2789 1241 2833 principis
1263 2788 1368 2821 filiam
1392 2788 1488 2821 duxit
1510 2798 1664 2829 uxorem,
1688 2798 1755 2830 que
1780 2787 1920 2830 Nogare
1943 2787 2017 2820 sine
2039 2786 2156 2820 liberis
2198 2823 2200 2825 ,

396 2847 517 2879 functa
539 2846 641 2879 iacet.
687 2845 843 2887 Cumque
866 2843 902 2875 hi
925 2844 1051 2876 fratres
1075 2842 1204 2876 divitiis
1226 2841 1390 2874 florerent
1414 2847 1448 2873 et
1470 2841 1612 2879 viribus,
1635 2841 1672 2873 in
1694 2846 1826 2873 tantum
1858 2846 1895 2872 ut
1925 2839 2079 2873 hostibus
2110 2850 2166 2872 me
2190 2853 2209 2878 κ

487 2989 496 3005 ¹
515 2990 550 3014 Vi
571 2988 585 3014 ὲ
604 2989 663 3021 qui,
688 2990 810 3022 rispetto
835 2988 862 3013 al
885 2987 1049 3020 “nongenti
1075 2987 1238 3019 quindeni„
1259 2985 1290 3011 dl
1345 2994 1359 3010 e
1378 2986 1465 3010 l’aver
1486 2986 1584 3018 capito
1610 2985 1632 3010 11
1657 2985 1784 3017 quindeni
1807 2991 1855 3016 per
1880 2983 2019 3016 quincue-i,
2045 2983 2162 3008 antiche
2194 2996 2208 3014 ¹,.

395 3032 440 3061 D„
450 3039 487 3056 un
499 3032 607 3064 doppio
618 3038 722 3060 errore,
733 3030 831 3062 quello
845 3030 992 3055 materiale
1003 3028 1289 3061 dell’octingentesimo
1345 3029 1515 3060 cInquanta:
1535 3034 1629 3052 errore
1648 3033 1767 3051 comune
1787 3034 1801 3050 a
1821 3026 1890 3050 tutti
1909 3025 1949 3058 gli
1964 3025 2166 3058 Epitomatorl.
2204 3023 2207 3028 ¹
