2288 3476
415 234 658 272 CARMINE
686 233 904 271 SCRIPTA
931 233 970 270 A
997 232 1274 270 DONIZONE
1300 232 1645 270 PRESBYTERO

417 436 496 470 ΧΙῙ.
520 436 622 479 ,Quid
640 436 721 480 ggit
740 435 950 479 Bonefacius
972 436 1009 468 in
1030 435 1281 478 Burgundiam
1304 436 1411 468 eundo
1433 439 1468 467 et
1487 434 1682 468 redeundo)

507 529 587 563 Rex
609 529 669 563 ubi
693 528 898 562 Chonradus
920 529 1077 569 moritur,
1100 534 1268 573 natusque
1290 530 1424 562 levatur

507 583 592 616 Eius
613 583 800 616 Heinricus
822 592 896 621 rex,
920 583 1074 625 prudens
1097 587 1201 625 atque
1223 583 1365 625 peritus,

510 636 581 676 Qui
604 636 715 669 tenuit
737 646 860 678 pacem
883 646 961 669 cum
985 641 1102 669 nostro
1125 635 1286 679 principe
1309 646 1404 675 sane,

508 688 651 722 Accidit
673 694 710 721 ut
732 688 823 721 vallo
847 688 1068 721 circundaret
1089 689 1148 721 hic
1169 688 1380 728 Miroaltum,

508 741 613 781 Quod
636 741 740 774 nullis
762 740 862 774 bellis
885 751 951 774 nec
974 740 1158 774 missilibus
1181 751 1319 785 quoque
1344 742 1457 775 cessit.

506 795 610 829 Circa
632 795 727 838 quod
749 794 860 827 fessus
882 804 946 827 rex
968 804 1009 826 ac
1034 794 1205 828 exercitus
1229 795 1314 835 eius,

503 848 600 882 Misit
622 848 668 881 ad
690 848 895 880 instructum
919 858 1021 890 quam
1045 847 1192 881 maxima
1215 847 1339 881 talibus
1361 860 1469 888 usum,

505 902 650 936 Scilicet
671 901 717 933 ad
741 906 879 933 cautum
902 899 1135 934 Bonefacium
1157 908 1210 935 sat
1232 908 1266 934 et
1289 912 1419 941 ausum,

510 955 564 988 Ne
587 953 655 987 sibi
680 953 822 987 desistat
845 963 1060 993 succurrere,
1083 964 1197 987 nonve
1219 954 1402 997 relinquat.

505 1007 641 1042 Cesar-is
663 1017 838 1039 assensum
860 1006 1023 1049 precibus
1046 1008 1105 1051 qui
1128 1007 1276 1049 prebuit,
1301 1014 1336 1041 et
1358 1014 1440 1041 tunc

503 1060 663 1094 Militiam
686 1060 827 1093 doctam
850 1069 967 1092 secum
990 1060 1146 1099 deduxit,
1170 1061 1359 1094 adhortans

502 1114 552 1147 Ut
573 1113 743 1157 sapienter
766 1118 880 1157 agant,
903 1113 1095 1155 prudenter
1117 1119 1151 1146 et
1171 1113 1309 1146 insimul
1323 1126 1419 1148 arma

501 1166 683 1209 Arripiant
705 1170 850 1208 promte,
873 1171 1035 1208 poterunt
1058 1166 1139 1208 quia
1163 1166 1305 1199 vincere
1329 1168 1446 1202 fortes.

404 1236 459 1261 900
503 1220 590 1254 Cum
613 1218 721 1251 multo
744 1228 894 1262 pergens
917 1224 1122 1262 sumptuque
1144 1225 1316 1261 potenter,

503 1273 684 1306 Proximat
707 1273 752 1305 ad
775 1278 936 1310 castrum,
959 1273 1110 1315 legatum
1135 1272 1252 1316 dirigit
1275 1279 1392 1316 aptum

503 1327 609 1371 Regi,
632 1337 701 1370 quo
725 1326 853 1358 fessum
876 1335 947 1358 non
970 1325 1132 1358 tunderet
1153 1326 1227 1368 ipse
1249 1326 1427 1366 relectum,

501 1381 587 1414 Inde
611 1380 674 1413 sed
697 1378 873 1418 abscedat,
897 1379 1059 1421 quoniam
1081 1378 1155 1411 vult
1176 1385 1213 1411 ut
1236 1379 1300 1412 sibi
1317 1381 1436 1414 cedat:

503 1435 600 1467 Hora
622 1444 690 1477 qua
713 1438 863 1465 castrum
885 1432 992 1466 fuerit
1014 1443 1080 1475 per
1100 1442 1137 1465 se
1162 1443 1299 1476 quoque
1322 1439 1471 1477 captum,

403 1503 456 1530 905
501 1488 559 1521 Ad
582 1487 710 1530 patrios
733 1487 819 1519 fines
839 1486 938 1519 malit
959 1496 1040 1518 mox
1061 1486 1135 1528 ipse
1158 1486 1298 1519 redire.'

498 1542 578 1575 Rex
600 1540 684 1573 abiit
706 1540 809 1583 longe
831 1539 1021 1582 famulique
1043 1539 1096 1572 sui
1120 1539 1219 1572 simul
1242 1550 1370 1579 omnes,

498 1594 591 1627 Ante
614 1594 707 1626 diem
730 1599 863 1625 ternum
887 1603 988 1636 quam
1012 1592 1096 1636 figat
1119 1593 1189 1625 dux
1211 1593 1261 1626 ibi
1283 1604 1431 1638 gressus,

499 1649 576 1681 Hoc
599 1648 686 1679 dans
707 1652 945 1689 praeceptum,
967 1646 995 1678 si
1018 1656 1112 1679 nunc
1133 1657 1197 1689 per
1219 1658 1296 1680 eum
1321 1655 1503 1690 caperetur

499 1702 667 1740 Castrum,
691 1710 762 1733 non
784 1701 875 1733 ultra
897 1706 1031 1733 montes
1053 1706 1090 1733 ut
1112 1708 1276 1745 pergeret
1299 1702 1387 1735 ultra

38 977 40 980 v
60 958 88 990 ’0
410 971 462 996 995

400 1771 454 1796 910
499 1756 696 1798 Expeteret‚
718 1754 823 1796 plane
845 1754 1004 1786 statimve
1026 1759 1119 1787 retro
1143 1761 1319 1788 remearet.

500 1809 658 1842 Castrum
680 1807 877 1850 predictum
900 1805 1102 1851 Burgundia
1123 1807 1257 1850 plantat
1280 1808 1446 1852 iniquum.

499 1862 609 1895 Huius
631 1866 834 1898 castrenses,
859 1871 937 1893 cum
959 1871 1021 1893 rex
1044 1860 1114 1894 fert
1135 1860 1216 1894 inde
1241 1862 1397 1902 clientes,

191 2013 218 2030 v.
235 2004 297 2037 887)
317 2003 448 2030 Corrado
467 2000 540 2029 morl
561 2003 612 2034 114
625 2003 733 2035 giugno
754 2007 822 2034 1039
841 2009 856 2026 a
876 2000 994 2026 Utrecht

103 2054 118 2071 e
136 2047 167 2072 fu
185 2046 298 2079 sepolto
317 2053 333 2071 a
352 2046 445 2080 Spira-

189 2097 236 2114 νυ.
253 2087 362 2121 888-89)
380 2088 417 2113 vi
435 2086 450 2112 ὲ
468 2086 703 2112 contraddlzione
717 2087 760 2110 fra
773 2087 864 2118 questi
885 2086 960 2111 versi
980 2097 994 2113 e

103 2131 198 2164 quello
218 2131 267 2156 che
286 2131 348 2156 dice
368 2130 412 2155 dei
432 2130 561 2163 rapport!
581 2130 609 2154 di
636 2128 742 2154 Enrico
761 2135 815 2153 con
841 2129 994 2156 Bonifacio

103 2174 150 2198 nel
169 2181 228 2206 cap.
253 2172 327 2199 XIV.
365 2173 404 2198 Le
428 2172 555 2205 Epitomi
581 2170 661 2205 (Ver.
685 2179 700 2195 e
727 2170 804 2202 Can.)
829 2171 994 2198 chiarirono

102 2217 200 2248 questa
228 2215 411 2240 discordanza
443 2213 658 2246 {mmaginando
686 2213 737 2238 che
762 2213 888 2238 l’Enrico
917 2215 992 2248 degli

103 2259 218 2290 ngguati
238 2258 313 2283 fosse
331 2265 369 2282 un
390 2257 476 2282 altro.

190 2309 216 2325 v.
226 2302 277 2332 890
287 2309 300 2325 e
308 2299 385 2332 sggk)
397 2298 504 2328 Questa
514 2299 679 2332 spedizione
690 2299 720 2322 in
730 2298 882 2331 Borgogna
893 2307 995 2325 avven-

105 2350 147 2373 ne,
166 2350 245 2368 come
257 2340 271 2368 ὲ
286 2345 357 2368 noto
371 2343 418 2367 nel
435 2349 511 2374 1034,
523 2349 573 2374 per
587 2342 683 2366 invito
701 2341 731 2365 di
746 2340 884 2367 Corrado.
922 2341 993 2368 Tut-

103 2387 135 2410 to
154 2385 306 2418 l’episodio
325 2386 361 2410 ha
379 2386 516 2409 carattere
535 2383 751 2409 schiettamente
769 2383 916 2416 popolare,
935 2393 992 2410 non

104 2428 166 2453 solo
180 2428 227 2452 nei
240 2428 420 2460 particolari,
433 2435 477 2452 ma
491 2427 566 2451 nella
585 2434 635 2451 sua
648 2426 843 2451 motivnzione
856 2427 994 2459 alquanto

102 2470 218 2503 puerile,
238 2471 288 2495 che
313 2470 506 2503 l’imperatore
532 2469 623 2494 faccia
642 2469 740 2494 venire
765 2469 921 2495 dall’Italia
940 2470 995 2495 Bo-

102 2513 212 2538 nifaclo
232 2519 280 2545 per
299 2513 327 2537 la
352 2519 432 2544 presa
451 2512 480 2537 di
501 2519 557 2536 una
581 2512 696 2536 bicocca
715 2519 729 2536 e
749 2511 799 2536 che
821 2511 928 2545 l’opera
948 2513 992 2538 del

101 2555 245 2579 Marchese
264 2555 306 2580 sia
324 2555 448 2580 esaurita
468 2561 522 2579 con
545 2560 622 2578 essa:
643 2561 687 2578 ma
705 2553 734 2577 la
758 2553 923 2579 tradizione
942 2563 993 2587 po-

102 2597 201 2630 pulare
226 2597 304 2631 dopo
323 2597 358 2621 80
383 2598 452 2622 anni
474 2603 532 2621 non
557 2596 707 2620 ricordava
731 2596 781 2620 che
806 2597 915 2628 questo.
951 2596 993 2622 La

102 2638 264 2672 spedizione
284 2641 314 2664 in
334 2639 381 2664 cui
400 2646 446 2663 era
466 2645 520 2663 con
534 2638 689 2663 Bonifacio
708 2638 797 2663 anche
815 2638 951 2664 Ariberto
965 2640 993 2664 di

101 2681 213 2706 Milano
231 2682 256 2706 si
282 2688 373 2706 mosse
397 2681 519 2706 secondo
538 2680 560 2704 n
579 2679 709 2705 Bresslau
735 2679 919 2712 (Jahrbic'clner
944 2685 992 2707 etc.

101 2726 180 2748 anter
197 2725 314 2749 Konrad
332 2725 370 2753 II,
390 2723 447 2748 vol.
466 2723 500 2753 11,
519 2730 545 2755 p.
568 2721 629 2754 108)
649 2723 694 2747 nel
720 2723 828 2755 glugno
854 2723 899 2748 del
928 2730 995 2756 1034

102 2764 266 2797 (Bonifacio
285 2764 358 2791 dove
377 2772 467 2790 essere
485 2772 590 2789 ancora
610 2765 640 2788 in
659 2764 743 2789 Italla
762 2765 784 2788 il
804 2770 836 2796 25
855 2765 944 2798 aprile
958 2766 994 2790 cs.

101 2806 205 2837 Facu,
222 2811 263 2839 op.
282 2807 337 2839 cit„
355 2806 390 2837 11,
410 2807 454 2840 34)
473 2814 488 2832 e
507 2814 555 2839 per
573 2806 602 2831 la
621 2806 665 2831 val
693 2806 810 2831 d‘Aosta
831 2815 845 2831 e
867 2807 889 2832 11
916 2807 993 2832 Gran

100 2849 156 2875 San
169 2849 323 2881 Bernardo,
341 2857 416 2874 scese
436 2848 511 2874 nella
529 2849 576 2873 val
595 2849 641 2873 del
659 2847 781 2874 Rodano
800 2857 814 2873 e
834 2856 850 2873 a
867 2848 994 2874 Ginevra

100 2892 126 2916 si
145 2892 300 2925 congiunse
318 2899 372 2917 con
392 2892 419 2917 le
437 2892 543 2916 milizie
562 2891 715 2924 imperiali.
751 2891 898 2923 Mstoalto,
917 2894 994 2917 essia

101 2934 200 2959 Murat
216 2941 234 2958 ο
253 2934 348 2959 Mora!
365 2934 486 2966 (Murem
505 2935 536 2958 in
555 2933 631 2966 ted.),
646 2933 753 2959 celebre
765 2942 814 2966 per
833 2934 859 2959 la
873 2935 994 2960 vittorta

101 2976 226 3002 ulnera
243 2983 275 3001 su
294 2975 381 3002 Cnrlo
402 2977 424 3001 11
450 2976 612 3001 Temerarlo
637 2976 682 3001 del
710 2975 785 3010 1476,
809 2975 824 3002 ὲ
849 2976 993 3002 ricordato

38 3022 73 3050 25
101 3025 181 3044 come
200 3018 342 3044 assediato
356 3020 400 3044 nel
418 3025 487 3051 1033
501 3020 537 3044 da
551 3018 688 3048 Corrado,
706 3026 792 3044 senza
804 3026 932 3044 successo
946 3027 995 3052 per

1047 2000 1188 2026 l'orribile
1208 2002 1316 2032 (reddo,
1335 2010 1350 2028 e
1363 2011 1444 2036 preso
1459 2005 1506 2029 nel
1522 2011 1597 2038 1034,
1611 2005 1686 2038 dopo
1700 2006 1750 2030 che
1768 2013 1854 2031 erano
1875 2007 1944 2031 arri-

1047 2046 1113 2068 vate
1139 2044 1165 2069 le
1190 2045 1300 2070 milizie
1319 2046 1439 2071 ltaliane
1457 2047 1596 2072 condotte
1621 2049 1657 2073 da
1681 2048 1827 2073 Ariberto.
1862 2048 1943 2081 Negli

1049 2087 1176 2111 scrittori
1190 2088 1315 2112 tedeschi
1334 2087 1503 2121 (Wu’rorm,
1529 2090 1589 2115 Vita
1611 2091 1770 2121 Chounradi,
1788 2092 1829 2115 M.
1851 2091 1883 2116 G.
1897 2090 1942 2123 H„

1050 2129 1110 2158 SS.⁹
1128 2129 1176 2159 XI,
1195 2136 1259 2163 270;
1279 2131 1398 2156 Annales
1416 2132 1609 2164 Sangallenses
1626 2133 1749 2164 maiores,
1770 2133 1829 2162 SS„
1848 2133 1868 2162 1,
1894 2132 1940 2165 83:

1051 2172 1194 2196 Cbrom‘con
1213 2173 1242 2196 di
1261 2173 1446 2206 Hmummzo,
1467 2174 1523 2203 SS.,
1543 2174 1575 2206 V,
1599 2173 1660 2206 122)
1682 2175 1833 2200 Bonifacio
1851 2182 1908 2199 non
1929 2174 1943 2200 ὲ

1049 2213 1192 2238 ricordato
1212 2222 1337 2248 neppure
1356 2223 1434 2240 come
1452 2218 1581 2250 presente
1600 2217 1796 2243 nell’esercito.

1136 2264 1184 2282 vv.
1202 2258 1308 2290 906-10)
1327 2258 1352 2283 11
1371 2257 1501 2289 Leibniz,
1522 2261 1551 2284 in
1565 2267 1621 2284 una
1635 2261 1704 2284 nota
1718 2261 1882 2285 mantenuta
1896 2261 1942 2285 dal

1047 2298 1198 2331 Muratori,
1219 2300 1413 2333 correggendo
1432 2301 1522 2326 l’abiit
1543 2303 1572 2326 in
1599 2303 1679 2327 abeat
1704 2300 1738 2327 da
1763 2310 1819 2327 una
1846 2303 1942 2327 strana

1049 2343 1290 2374 interpretazione
1313 2350 1330 2367 a
1348 2345 1440 2376 questi
1467 2344 1556 2369 versis
1576 2345 1606 2369 vi
1632 2345 1746 2369 sarebbe
1769 2346 1843 2370 stata
1862 2352 1943 2370 come

1048 2391 1104 2408 una
1124 2385 1263 2409 minaccla
1279 2386 1307 2409 di
1321 2386 1474 2411 Bonisacio
1487 2386 1516 2411 al
1530 2395 1566 2416 re,
1587 2385 1648 2412 cioe
1661 2395 1690 2412 se
1704 2387 1832 2413 Corrado
1848 2394 1942 2413 avesse

1048 2433 1130 2459 preso
1150 2427 1171 2450 il
1191 2427 1318 2457 castello,
1337 2428 1395 2460 egli
1415 2435 1474 2453 non
1498 2429 1611 2454 sarebbe
1636 2427 1687 2461 piix
1706 2430 1812 2454 venuto
1838 2430 1868 2453 in
1890 2437 1941 2454 suo

1049 2475 1180 2493 soccorso
1201 2469 1274 2493 oltre
1294 2471 1302 2493 i
1323 2471 1414 2495 monti
1435 2477 1450 2495 e
1474 2471 1641 2496 tornerebbe
1667 2471 1762 2496 subito
1789 2472 1818 2495 in
1838 2471 1941 2496 Italia!

1049 2501 1071 2534 E
1090 2510 1235 2542 probabile
1254 2511 1305 2536 che
1318 2512 1338 2535 il
1358 2512 1443 2536 ritiro
1462 2512 1507 2537 del
1521 2520 1550 2537 re
1565 2513 1637 2537 fosse
1656 2520 1693 2538 un
1713 2512 1873 2545 espediente
1893 2520 1942 2545 per

1049 2554 1167 2578 attirare
1185 2554 1196 2578 1
1217 2553 1358 2579 difensori
1378 2555 1422 2579 del
1443 2555 1561 2580 castello
1580 2557 1610 2580 in
1630 2563 1667 2580 un
1687 2557 1821 2588 agguato,
1840 2563 1854 2580 e
1875 2556 1942 2581 sarli

1048 2597 1139 2620 uscire
1150 2595 1227 2620 dalla
1237 2596 1301 2621 loro
1312 2597 1461 2629 posizione
1471 2598 1681 2627 inattaccabile‚
1690 2605 1734 2623 ma
1745 2599 1772 2622 la
1780 2598 1942 2623 tradizione

1049 2638 1078 2662 di
1092 2637 1229 2668 Canossa,
1243 2638 1398 2664 trasforme
1412 2642 1512 2672 questo
1526 2642 1653 2673 compito
1667 2641 1694 2665 di
1708 2640 1811 2665 fiducia
1825 2640 1940 2666 affidato

1049 2688 1064 2705 a
1084 2680 1245 2710 Bonifacio,
1264 2679 1327 2714 (che
1347 2689 1401 2706 con
1421 2681 1450 2707 la
1468 2682 1562 2707 minor
1582 2683 1655 2707 fama
1675 2683 1705 2707 di
1717 2690 1818 2715 guerra
1837 2684 1941 2715 poteva

1049 2720 1099 2755 piu
1120 2722 1283 2747 faeilmente
1303 2723 1345 2747 far
1364 2723 1550 2748 dimenticare
1570 2725 1597 2748 ai
1617 2724 1713 2749 ribelli
1738 2724 1767 2749 la
1785 2725 1941 2757 prudenza)

1049 2765 1079 2789 in
1099 2766 1271 2798 un'impresa
1297 2767 1445 2798 concepita
1471 2765 1507 2790 da
1532 2766 1684 2791 Bonifacio
1709 2773 1724 2790 e
1746 2766 1796 2791 che
1821 2767 1940 2792 avrebbe

1048 2813 1190 2838 permesso
1210 2807 1237 2831 al
1257 2806 1401 2832 Marchese
1420 2807 1450 2831 di
1470 2808 1579 2832 dettare
1598 2807 1820 2841 all’imperatore
1832 2808 1860 2832 la
1873 2815 1940 2833 con-

1048 2849 1161 2873 dizione
1180 2849 1210 2873 di
1223 2856 1313 2874 essere
1332 2850 1381 2881 poi
1400 2850 1565 2883 congedato.
1601 2849 1689 2874 Forse
1706 2851 1735 2874 vi
1756 2848 1771 2875 e
1790 2851 1839 2883 qul
1857 2851 1880 2875 il
1902 2851 1939 2875 ri-

1048 2891 1135 2916 cordo
1155 2891 1228 2916 delle
1248 2898 1388 2924 promesse
1407 2891 1435 2916 di
1456 2893 1561 2925 pronto
1580 2892 1693 2917 ritorno
1709 2893 1779 2918 fatte
1791 2893 1820 2918 al
1833 2892 1938 2918 soldatl

1048 2933 1148 2967 perche
1167 2935 1387 2959 combuttessero
1405 2932 1456 2967 piu
1475 2934 1709 2960 valorosamente.

1135 2984 1163 3001 v.
1181 2974 1244 3010 91³)
1272 2977 1395 3008 Clientes,
1422 2977 1485 3002 vale
1509 2977 1615 3008 milites,
1639 2977 1673 3003 ed
1698 2976 1713 3003 ὲ
1735 2979 1817 3003 usato
1842 2985 1938 3011 spesso

1047 3018 1124 3052 negli
1143 3019 1246 3044 Annali
1263 3019 1399 3044 Genovesi.
1436 3019 1515 3046 Mun.

2036 540 2057 556 e.
2069 541 2120 561 ,ην

2002 909 2077 932 Mun..
2092 914 2132 933 ³⁵5

2033 1560 2052 1577 c.
2065 1560 2117 1580 3⁴7

1970 2180 2005 2206 30

1970 2394 2002 2422 35

1968 2604 2003 2631 40

1967 2816 2000 2844 45

1966 3025 2000 3054 50
