2288 3476
685 1105 879 1142 INCIPIT
907 1104 1166 1141 EPISTOLA
1180 1102 1204 1141 ¹.

300 1307 671 1333 AGNIFICBM'IsmMAE
685 1305 787 1342 atque
804 1298 860 1331 dei
876 1299 988 1343 gratia
1002 1298 1248 1332 invictissimae
1263 1298 1354 1331 inter
1368 1299 1637 1333 orthodoxarum
1655 1300 1762 1333 choro
1779 1311 1872 1334 asso-

317 1353 440 1387 ciande
471 1353 611 1386 domine
641 1352 792 1391 Matildi‚
823 1353 958 1385 infimus
988 1351 1142 1385 omnium
1170 1351 1438 1395 presbiterorum
1470 1353 1603 1386 Donizo
1633 1353 1700 1396 piis
1730 1353 1873 1392 meritis,

317 1406 482 1450 quicquid
505 1405 597 1439 valet
619 1405 826 1447 humanitus,
850 1411 885 1438 et
907 1405 1074 1449 quicquid
1098 1411 1149 1438 est
1169 1404 1234 1438 sibi
1258 1405 1434 1439 divinitus.

52 1501 53 1504 Ἴ
406 1459 494 1492 Cum
516 1460 563 1492 ad
586 1459 757 1491 clarorum
781 1458 978 1501 principum
999 1458 1211 1490 mausoleum
1241 1459 1310 1491 iam
1342 1469 1405 1501 per
1435 1459 1589 1502 quinque
1621 1460 1728 1492 lustra
1759 1466 1876 1493 nostra

47 1507 192 1555 ¹fideret
207 1514 389 1552 humilitas,
405 1513 603 1556 nullamque
619 1522 663 1545 ex
679 1513 729 1544 eis
744 1511 880 1545 videret
896 1511 1095 1544 memoriam
1111 1512 1207 1554 quod
1222 1512 1360 1554 apicum
1377 1513 1636 1546 commendaret
1651 1515 1875 1556 perpetuitas,

91 1567 158 1601 ‘dit
180 1567 320 1611 quando
342 1565 479 1610 nuper¹
503 1565 609 1599 vestri
632 1565 772 1599 honoris
794 1565 986 1598 sublimitas
1009 1563 1198 1598 Canossam
1223 1566 1351 1599 deduci
1376 1577 1474 1599 arcas
1489 1566 1585 1599 iussit
1601 1577 1813 1600 marmoreas
1829 1568 1875 1600 ad

57 1621 260 1654 '·ulandum
284 1620 424 1664 dignius
445 1630 565 1653 eorum
589 1629 739 1662 corpora
761 1625 799 1651 ut
821 1629 865 1651 ea
886 1628 977 1662 quae
1001 1629 1046 1651 ex
1070 1618 1118 1651 eis
1141 1630 1162 1651 a
1178 1618 1319 1651 senibus
1336 1626 1371 1652 et
1386 1619 1624 1652 veracioribus
1648 1621 1773 1653 nostris
1789 1627 1874 1653 tem-

53 1665 63 1719 }
103 1674 168 1708 bus
198 1674 282 1708 viris
292 1673 316 1718 ⁸,
346 1680 464 1707 nostra
487 1673 646 1707 audierat
675 1673 840 1716 parvitas,
871 1673 1021 1706 ferventi
1051 1672 1126 1705 zelo
1158 1673 1310 1706 carmine
1341 1674 1483 1707 heroico
1507 1680 1624 1707 nostra
1654 1676 1874 1717 temptaverit

92 1738 186 1761 zare
207 1727 394 1771 imperitia,
418 1737 462 1759 ne
484 1732 656 1760 tantorum
678 1727 824 1759 heroum
839 1725 987 1759 laterent
1001 1731 1079 1758 acta
1093 1726 1201 1759 fortia
1215 1732 1250 1759 et
1265 1726 1509 1767 illustrissima,
1533 1728 1628 1771 quod
1644 1728 1691 1760 ad
1707 1729 1875 1761 eflectum

55 1781 59 1790 ”
87 1781 246 1814 duximus
267 1780 396 1815 Christi
418 1779 697 1813 amminiculante
719 1779 967 1812 benivolentia.
1013 1779 1058 1812 Et
1081 1779 1163 1823 quia
1193 1780 1362 1824 largiente
1394 1791 1543 1823 superno
1574 1782 1700 1823 opifice
1732 1792 1793 1814 vos
1824 1782 1874 1814 eis

54 1876 60 1879 H
81 1850 107 1863 v:
118 1845 192 1868 rem
213 1835 251 1867 in
274 1834 370 1868 nulla
391 1843 467 1867 esse
489 1833 611 1878 gracia
632 1833 678 1867 ad
699 1833 812 1866 tocius
827 1832 943 1877 'regni
965 1833 1124 1876 pervenit
1147 1834 1326 1872 noticiam,
1350 1834 1507 1878 quamvis
1529 1845 1592 1867 rex
1614 1835 1752 1877 sapiens
1769 1836 1875 1874 dicat,

58 1908 69 1928 5,
87 1888 202 1922 laudes
222 1899 420 1932 quemquam
442 1887 480 1920 in
500 1888 573 1920 vita
594 1898 656 1919 sua
666 1886 690 1927 ⁴,
712 1893 829 1920 tamen
859 1888 942 1930 quia
970 1887 1007 1919 in
1036 1887 1132 1920 nullo
1162 1886 1367 1920 deteriorari
1390 1887 1472 1920 inde
1496 1888 1703 1921 arbitramur
1726 1895 1874 1922 vestram

60 1951 63 1953 ’
96 1952 165 1976 am
194 1941 400 1986 dignitatem
431 1952 493 1974 seu
522 1940 712 1980 scientiam,
741 1940 1025 1984 reperiamusque
1055 1952 1076 1973 a
1106 1941 1284 1984 precipuis
1313 1941 1423 1984 poetis
1452 1940 1618 1985 'antiquis
1647 1942 1875 1984 potestatibus

58 1994 72 2022 Ἀ
92 1995 156 2030 ·ita
177 1995 331 2029 carmina
352 1993 455 2028 laude
478 1994 689 2038 dignissima,
712 1999 832 2037 utpote
854 1994 1001 2028 Orneius
1023 1994 1217 2028 Octaviano
1239 1993 1398 2038 Augusto
1421 1994 1556 2028 scribit:

538 2074 701 2108 Pnsenti
721 2074 786 2107 tibi
805 2079 955 2108 maturos
977 2075 1156 2118 largimur
1179 2075 1322 2108 honores
1335 2075 1359 2115 ⁵,

71 2217 73 2223 ’
110 2220 316 2247 Nell’edlzlone
334 2221 531 2246 muratorIana
556 2221 698 2245 meritano
723 2220 753 2245 di
772 2227 862 2245 essere
881 2220 918 2245 ri·
974 2218 1024 2245 che
1037 2227 1054 2245 a
1067 2227 1110 2245 me
1123 2221 1190 2252 paia
1205 2221 1255 2245 che
1269 2219 1390 2245 l’autore
1404 2221 1434 2245 vi
1449 2227 1606 2254 apponesse
1620 2222 1765 2253 piuttosto
1779 2222 1876 2253 quello

70 2264 141 2288 ate
158 2262 212 2288 due
231 2262 371 2288 lna-‚isloni
390 2262 422 2287 in
441 2269 518 2287 rame
536 2262 587 2288 che
605 2264 629 2287 si
650 2262 764 2287 vedono
777 2262 920 2287 all'lnizIo
975 2262 1004 2287 di
1024 2264 1070 2287 De
1088 2263 1266 2294 Principibus
1290 2263 1439 2287 Canusinis.

56 2299 62 2334 *j
71 2305 196 2339 stupent:
214 2304 244 2330 la
255 2306 348 2339 pruna
362 2301 394 2330 dl
405 2311 464 2330 esse
478 2305 502 2329 si
515 2305 600 2330 trova
614 2305 645 2329 in
658 2304 719 2330 alto
733 2304 811 2330 della
823 2311 851 2338 p.
869 2311 919 2337 341
1064 2303 1075 2321 1
1094 2305 1253 2337 L’epistola
1267 2304 1282 2330 e
1296 2307 1465 2330 conservata
1479 2306 1525 2330 nel
1540 2306 1603 2330 solo
1617 2306 1717 2330 codice
1731 2306 1876 2331 Vaticano

58 2346 242 2381 'ppresenta
267 2347 420 2380 vingt-esso
445 2347 474 2371 di
499 2354 538 2371 un
564 2348 661 2372 corteo
687 2347 789 2380 papale
813 2347 846 2372 in
864 2353 922 2372 una
975 2354 991 2372 e
1010 2349 1122 2372 serviva
1141 2355 1220 2373 corne
1239 2349 1458 2380 presentazione
1476 2347 1507 2372 di
1526 2348 1772 2380 quell’esemplare
1790 2349 1878 2380 origi-

65 2391 85 2407 ·‹*
115 2389 174 2422 che,
193 2389 272 2414 dalla
291 2390 392 2414 scritta
411 2389 460 2414 che
478 2389 503 2414 sl
521 2389 603 2422 legge
621 2396 707 2422 sopra
726 2389 754 2415 la
779 2390 871 2423 porta,
898 2390 922 2414 si
975 2390 1041 2414 nale
1060 2397 1077 2414 a
1095 2389 1230 2415 Matilde:
1251 2391 1444 2423 logicamente
1464 2390 1495 2414 su
1515 2397 1624 2415 omessa
1644 2391 1719 2415 nelle
1733 2392 1816 2424 copie
1830 2391 1876 2415 del

164 2437 254 2456 essere
272 2429 432 2456 Guastalla.
468 2429 499 2455 Sl
519 2432 609 2456 tratta
627 2431 730 2463 qulndi
750 2430 797 2456 del
817 2431 923 2456 Conci·
976 2439 1090 2465 poema;
1110 2430 1125 2457 ὲ
1144 2434 1244 2458 scritta
1264 2440 1318 2457 con
1344 2440 1383 2457 un
1409 2432 1570 2457 inchlostro
1597 2433 1735 2457 rossiccio
1762 2434 1876 2457 diverso

77 2469 186 2505 {hnuto
205 2481 222 2499 a
239 2472 390 2498 Guntalla
409 2473 456 2497 nel
478 2472 547 2498 1106
565 2473 602 2498 da
614 2473 754 2506 Pasquale
766 2473 794 2498 11
807 2481 822 2498 e
835 2474 922 2498 ricor-
977 2474 1024 2499 dal
1043 2475 1118 2500 testo
1137 2482 1152 2499 e
1170 2474 1274 2508 uguale
1293 2483 1308 2500 a
1327 2474 1424 2506 quello
1443 2474 1520 2507 degli
1542 2475 1631 2499 indici
1653 2475 1703 2499 che
1721 2482 1849 2507 seguono
1862 2483 1877 2500 e

58 2509 99 2553 ζα
113 2515 149 2541 da
165 2515 320 2541 Donizone
339 2515 386 2540 nel
411 2521 473 2548 cap.
498 2521 565 2542 xvn
590 2515 635 2540 del
660 2514 693 2540 L.
716 2514 744 2540 11
769 2515 807 2548 (v.
835 2516 923 2547 xxxo).
978 2516 1007 2541 di
1027 2517 1101 2542 certe
1120 2517 1277 2542 correzioni
1298 2525 1314 2542 e
1333 2518 1478 2550 aggiunte.

77 2551 216 2590 {flattena
235 2558 286 2582 che
304 2557 441 2590 accoglie‚
455 2557 568 2587 devota,
588 2557 610 2582 ll
631 2565 703 2591 papa
717 2556 732 2582 'e
751 2559 923 2583 cen-tumente
1065 2557 1077 2574 ²
1089 2559 1102 2583 Ι
1115 2560 1217 2591 cinque
1230 2559 1316 2585 lustri
1326 2559 1403 2584 della
1417 2559 1565 2584 residenza
1576 2560 1604 2584 di
1615 2560 1765 2584 Donizone
1779 2567 1876 2584 vanno

24 2626 27 2627 γ
68 2593 155 2631 sude.
189 2599 368 2625 L’incisIone
387 2600 423 2623 ha
436 2600 533 2631 queste
546 2599 638 2624 firme:
657 2600 755 2625 Anton.
776 2600 923 2625 Criccolini
978 2602 1088 2626 contati
1108 2601 1156 2626 dal
1175 2603 1321 2634 trasporto
1341 2602 1413 2627 delle
1431 2602 1515 2626 arche
1533 2609 1549 2626 a
1575 2601 1705 2627 Canossa
1731 2604 1876 2627 avvenuto

79 2638 83 2650 ⁵
100 2645 129 2667 ct
145 2643 197 2667 del.
223 2649 238 2667 e
266 2643 303 2667 Io.
329 2642 422 2673 Bapta
449 2641 539 2666 Sintes
556 2643 639 2673 sculp.
676 2642 718 2667 La
737 2643 860 2667 seconda
879 2643 922 2668 in·
976 2644 1205 2676 probabilmente
1224 2651 1307 2669 verso
1327 2645 1349 2668 11
1372 2650 1494 2675 1111—12,
1514 2643 1577 2669 cioe
1596 2645 1673 2677 dopo
1694 2643 1819 2669 l'ultima
1834 2646 1878 2668 vi-

79 2691 148 2716 ne,
165 2684 212 2709 nel
230 2685 314 2710 basso
333 2684 504 2709 dell‘istessa
522 2685 637 2717 pagina,
656 2684 750 2710 forma
768 2684 798 2710 lo
817 2685 923 2710 sfondo
978 2687 1034 2712 sita
1053 2687 1082 2711 di
1103 2687 1224 2712 Matilde
1243 2695 1258 2712 a
1278 2687 1407 2712 canossa
1428 2687 1547 2712 durante
1560 2688 1588 2712 la
1602 2687 1766 2721 spedizione
1779 2687 1810 2712 di
1823 2688 1877 2712 En-

73 2725 79 2747 ’Ῑ
106 2727 212 2752 nlainle
236 2726 430 2759 deu'epistola
455 2726 632 2751 dedicatoria
656 2734 672 2751 e
695 2729 889 2761 rappoesenta,
908 2735 923 2752 a
979 2730 1039 2753 rico
1058 2728 1083 2752 V
1104 2730 1135 2753 in
1153 2728 1240 2753 Italia
1257 2726 1410 2761 (1110-11).

88 2792 92 2803 ,.
111 2770 223 2799 svviso,
248 2770 271 2794 u
296 2769 441 2794 Marchese
465 2769 619 2794 Bonifacio
639 2769 784 2802 flagellato
804 2769 923 2795 davanti
1066 2769 1076 2786 ³
1095 2771 1130 2795 D.
1149 2770 1247 2795 indica
1267 2771 1459 2796 chiaramente
1480 2779 1558 2795 come
1579 2760 1635 2796 'sua
1661 2772 1743 2796 fonte
1768 2772 1876 2804 princi-

75 2813 168 2844 3⁴tnre
187 2811 217 2836 di
236 2811 380 2845 Pomposa
399 2810 552 2836 dall'abate
571 2810 678 2840 Guido,
690 2818 772 2836 come
791 2813 925 2836 racconta
978 2814 1042 2846 pale
1062 2813 1091 2838 la
1109 2813 1270 2838 tradizione
1290 2813 1416 2838 raccolta
1435 2814 1482 2838 dai
1502 2813 1611 2838 vecchi.

68 2881 81 2890 Ὺ
95 2860 182 2890 ,zone
200 2853 227 2879 al
247 2861 308 2886 cap.
325 2860 379 2878 xV1
399 2853 443 2878 del
464 2853 496 2877 L.
515 2853 536 2878 1.
562 2866 596 2872 —
617 2852 640 2877 11
666 2853 755 2878 titolo
783 2853 842 2878 Vita
862 2854 924 2878 Ma·
1068 2853 1080 2870 ⁴
1103 2855 1187 2879 Liber
1209 2855 1403 2886 Ecclesiastici,
1430 2855 1477 2885 XI,
1504 2861 1552 2887 30:
1578 2856 1669 2880 “ante
1694 2858 1814 2881 mortem
1843 2864 1878 2881 ne

146 2902 205 2920 non
230 2894 245 2920 ὲ
269 2895 315 2920 del
340 2895 490 2924 Muratori‚
511 2902 555 2919 ma
575 2895 620 2919 del
645 2896 739 2928 primo
758 2896 876 2926 editore,
903 2896 924 2919 il
980 2895 1102 2922 “laudes
1120 2897 1266 2922 hominem
1279 2905 1439 2929 quenquam
1451 2906 1479 2928 ,ι
1496 2898 1517 2921 il
1532 2897 1690 2922 Bethmann
1704 2898 1819 2923 rlcorda
1832 2899 1878 2922 in-

77 2933 111 2971 ζμ
130 2938 202 2971 agel,
227 2939 334 2963 mentre
360 2938 388 2962 la
415 2938 487 2963 salsa
511 2937 710 2962 affermazione
734 2938 810 2969 apud
836 2938 922 2969 ipsam
977 2946 1053 2968 vece,
1067 2947 1116 2971 per
1135 2940 1233 2971 questa
1248 2939 1330 2967 frase.
1343 2940 1517 2969 Hmmnoro,
1529 2939 1550 2971 1,
1564 2946 1598 2972 3²
1613 2947 1627 2964 e
1640 2939 1806 2971 Prumnco,
1820 2941 1877 2966 vol.

77 2972 107 3011 ³³,
123 2980 174 3012 qui
192 2987 350 3013 suppressa,
368 2987 416 3005 era
436 2979 482 3004 del
495 2979 623 3009 Lelbniz‚
643 2980 693 3004 che
712 2979 788 3004 nella
802 2987 850 3004 sua
864 2988 924 3012 pre·
979 2987 1021 3012 27,
1041 2989 1085 3005 rna
1104 2981 1183 3012 quali
1204 2981 1280 3006 fonti
1301 2989 1350 3014 per
1362 2982 1398 3006 D.
1411 2982 1503 3013 questi
1519 2983 1653 3006 riscontri
1670 2989 1728 3006 non
1743 2983 1877 3015 valgono.

75 3026 144 3048 one
160 3022 196 3047 D.
215 3023 326 3048 chiama
346 3023 367 3046 ll
388 3022 559 3056 cappellano
578 3022 607 3046 di
628 3021 757 3047 Matilde.
794 3020 853 3051 Qui
873 3022 898 3047 si
910 3021 925 3047 ὲ
1066 3021 1077 3038 ⁵
1095 3022 1220 3054 Omro,
1242 3024 1392 3054 Epistolae.
1412 3023 1446 3054 Π,
1468 3030 1488 3055 1,
1512 3030 1552 3054 15.
1589 3023 1624 3048 D.
1644 3026 1673 3048 vi
1692 3025 1832 3057 aggiunse
1846 3025 1876 3049 di

75 3063 199 3090 :tenuta
218 3065 240 3089 il
259 3065 348 3089 titolo
372 3065 560 3089 tradizionale
593 3063 653 3088 Vita
679 3064 832 3095 Mathildis,
857 3064 923 3088 ben·
979 3071 1031 3088 suo
1050 3063 1072 3088 il
1092 3068 1220 3090 maturos.

1928 1307 2004 1332 Mun„
2020 1313 2057 1333 ³⁴¹

1930 1842 2006 1866 Μυι..
2021 1848 2059 1868 ³⁴²

1964 1960 2034 1980 c.4v

1904 2351 1937 2378 25

1904 2567 1939 2592 30

1904 2778 1937 2806 35

1906 2990 1940 3014 40
