2288 3476
65 233 68 240 '
103 258 112 268 .
131 237 321 274 nos-110⁷]
585 231 835 269 HISTORIA
863 230 1291 269 MEDIOLANENSIS
1808 231 1851 267 15

97 376 118 399 a
139 365 210 398 eius
232 365 440 403 reverentia,
462 365 570 407 ipsius
593 365 795 398 convictum
817 365 937 402 vitavi3
961 370 996 398 et
1018 363 1183 398 Anselmo
1207 365 1252 398 de
1283 364 1442 398 Pusterla
1456 364 1466 381 ¹
1499 369 1533 397 et
1559 363 1680 396 Olrico
1710 362 1853 396 vicedo-

35 418 66 435 ³
82 429 119 451 o
142 418 396 451 Mediolanensi
419 417 552 456 adhesi,
576 417 698 461 quibus
721 418 855 451 duobus
878 418 974 451 domi
998 423 1033 450 et
1055 418 1153 456 foris,
1175 424 1212 450 ut
1235 417 1455 450 manifestum
1479 423 1541 458 est,
1564 417 1656 450 utilis
1678 422 1713 449 et
1741 422 1856 448 rectus

34 461 65 517 ζ,
137 471 226 504 Cum
248 469 412 503 Anselmo
436 480 584 514 namque
606 481 669 513 per
692 480 818 503 annum
841 477 875 504 et
897 470 1077 504 dimidium
1101 471 1235 503 Turoni
1257 476 1292 503 et
1314 470 1481 503 Parisinis
1504 470 1539 502 in
1563 470 1670 503 scolis
1697 468 1855 512 magistri

32 531 63 551 θ
108 524 166 557 edi
188 530 222 557 et
237 523 413 557 Guilielmi
427 524 507 568 legi,
531 529 565 556 et
588 523 746 567 legendo,
763 523 947 556 scribendo
963 524 1146 567 multisque
1163 524 1256 556 aliis'
1272 524 1384 557 modis
1400 523 1564 556 Anselmo
1580 524 1719 556 multam
1737 532 1852 555 como-

20 587 36 624 j
57 594 89 612 ,ν’
99 583 168 611 tem
189 575 284 610 dedi.
328 577 429 610 Meus
450 587 532 610 vero
554 587 639 620 sepe
661 576 775 610 dictus
798 577 988 610 avunculus
1012 577 1104 609 infra
1126 577 1225 610 huius
1247 578 1329 609 anni
1352 583 1388 611 et
1412 577 1546 610 dimidii
1568 577 1712 619 spatium
1743 576 1853 608 homi-

20 624 101 675 ffdf's,
125 630 185 673 qui
207 640 275 663 non
299 641 363 673 pro
386 640 500 663 amore
524 630 639 663 divine
662 630 749 674 legis
772 636 806 662 et
829 630 1067 663 ecclesiastice
1091 630 1347 664 consuetudinis
1370 629 1554 674 litigabant
1575 630 1619 662 de
1643 640 1703 662 sua
1726 630 1804 672 lege
1820 635 1854 662 et

50 697 53 699 ·
83 683 209 717 ·sulani
230 684 458 723 restitutione,
482 683 618 722 dimisit,
635 690 669 716 et
684 694 801 716 eorum
826 683 1002 716 civitatem
1020 683 1136 723 exivit,
1160 690 1263 726 atque
1289 683 1491 716 Valtilinam
1516 683 1651 722 vallem,
1674 695 1694 715 a
1716 683 1852 716 Medio-

18 778 19 782 *
54 738 105 769 ἰο
127 737 216 770 ultra
242 736 461 780 septuaginta
491 737 639 769 miliaria
668 743 846 775 remotam,
877 736 1056 770 habitavit.
1103 737 1204 769 Tunc
1228 747 1293 780 ego
1317 736 1510 769 subtractus
1534 748 1554 769 a
1577 736 1705 774 studio,
1737 735 1855 769 inveni

18 797 19 800 ’
48 786 136 833 “sti-ct
157 789 258 822 Pauli
280 789 464 822 ecclesiam
488 796 523 822 et
545 799 657 822 meam
681 790 818 822 domum
840 789 907 823 isto
930 799 1007 822 meo
1030 795 1177 832 patrono
1201 789 1299 832 quasi
1322 789 1505 822 desertam.
1551 788 1720 831 Asumpto
1751 789 1856 832 igitur

136 842 292 876 Anselmi
304 842 316 859 ¹
339 848 374 874 et
396 852 483 880 meo,
499 853 567 875 una
583 853 661 874 cum
677 842 783 875 fratre
807 852 882 874 meo
900 840 949 875 M.
971 843 1018 875 ad
1032 844 1144 885 ipsum
1160 852 1273 875 meum
1296 847 1478 884 patronum
1495 842 1669 875 festinavi.
1716 842 1759 874 Et
1775 852 1853 874 cum

73 895 249 928 eiecissem
271 895 393 938 viginti
421 895 570 938 quinque
600 895 767 934 miliariis,
790 895 895 927 michi
919 895 1061 938 angelus
1084 895 1229 934 occurit,
1260 894 1396 927 dicens:
1433 896 1449 912 “
1461 894 1636 928 Presbiter
1659 894 1855 938 Liprandus

32 948 196 995 -rediens
218 959 238 980 a
263 948 438 987 Valtilina,
460 949 612 980 infirmus
632 947 724 991 jacet
746 948 792 980 ad
814 948 1060 981 Monasterium
1084 949 1128 981 de
1151 948 1288 981 Clivate
1304 971 1334 987 „.
1379 947 1490 981 Citius
1511 948 1624 991 igitur,
1651 958 1754 990 quam
1777 958 1855 991 spe-

30 995 46 1046 ¹,
68 1012 160 1041 ,πυ-ιιι,
182 1001 299 1034 inveni
321 1001 418 1033 illum
442 1001 476 1032 in
499 1001 591 1034 lecto
614 1001 790 1033 sedentem
814 1006 848 1033 et
870 1001 924 1034 lac
949 1000 1118 1034 edentem.
1165 1000 1236 1038 Qui
1260 1011 1338 1034 cum
1361 1011 1416 1032 me
1437 1001 1574 1039 viderit,
1597 1000 1714 1033 ambas
1736 1011 1856 1042 manus

82 1054 154 1088 avit
174 1060 211 1087 et
231 1054 360 1098 gratias
383 1054 458 1087 Deo
482 1054 578 1087 dixit.
623 1053 787 1087 Arialdus
810 1064 904 1094 vero,
926 1054 1019 1087 illius
1041 1054 1240 1087 monasterii
1264 1054 1370 1087 abbas
1381 1053 1405 1094 ³,
1429 1059 1608 1096 postquam
1633 1054 1774 1094 audivit,
1797 1065 1850 1087 me

24 1104 204 1152 venisse
226 1114 262 1140 et
278 1107 551 1141 consolationem
573 1108 640 1149 ipsi
656 1114 799 1150 aegroto
823 1107 971 1146 dedisse,
987 1118 1042 1139 me
1066 1117 1248 1150 meumque
1271 1107 1414 1139 fratrem
1439 1112 1536 1139 extra
1560 1117 1732 1140 cameram
1748 1118 1853 1140 voca-

29 1204 31 1206 η
107 1167 142 1194 et
162 1171 227 1204 per
249 1161 348 1204 plura
371 1161 487 1199 verba,
510 1171 547 1193 se
569 1160 744 1204 trepidare
773 1161 984 1199 fidelitatem,
1008 1170 1111 1203 quam
1139 1161 1315 1193 iuraverat
1346 1159 1551 1199 Grosulano,
1583 1160 1680 1193 nobis
1712 1161 1854 1199 notavit,

24 1217 34 1253 ζ’,
61 1223 130 1258 que
151 1213 385 1246 nescientibus
413 1213 593 1246 monachis
616 1223 678 1246 nos
709 1214 894 1252 admonuit,
916 1219 955 1246 ut
976 1214 1086 1256 ipsum
1110 1214 1371 1255 deportaremus
1402 1218 1578 1256 aegrotum
1603 1225 1624 1246 a
1646 1214 1853 1246 monasterio

168 1265 302 1300 duobus
329 1266 525 1299 miliaribus.
571 1266 727 1299 Infirmus
757 1273 882 1304 autem,
904 1273 942 1299 ut
964 1266 1080 1304 sensit,
1102 1277 1157 1299 me
1181 1276 1365 1309 meumque
1388 1267 1534 1298 fratrem
1557 1266 1721 1299 solicitari
1752 1278 1855 1309 super

23 1325 29 1363 J
51 1335 76 1347 ·:
99 1320 293 1353 infirmitate
316 1327 351 1353 et
372 1321 581 1363 portatione,
603 1320 665 1352 ait:
696 1321 710 1338 ‘⁴
724 1319 841 1353 Nolite
864 1319 1008 1359 turbari,
1032 1319 1114 1363 quia
1129 1331 1192 1362 per
1214 1320 1359 1362 gratiam
1382 1319 1447 1351 Dei
1470 1329 1562 1352 nunc
1585 1320 1690 1352 michi
1714 1321 1854 1353 multum

21 1364 45 1402 i)
58 1379 109 1407 est
121 1373 254 1411 melius3
271 1379 307 1406 et
321 1374 357 1405 in
373 1373 535 1412 crastino,
551 1373 626 1405 Deo
643 1379 827 1411 annuente,
842 1373 887 1406 ad
902 1373 1076 1406 civitatem
1092 1373 1156 1406 iter
1171 1372 1373 1406 habebimus
1387 1397 1415 1414 „.
1454 1373 1499 1405 Et
1514 1383 1614 1405 mane
1631 1374 1737 1413 facto,
1753 1374 1855 1406 deru-

50 1433 124 1460 atas
145 1427 309 1470 quasdam
325 1437 403 1459 suas
418 1432 531 1459 vestes
553 1426 675 1466 induit,
691 1432 726 1459 et
743 1426 858 1459 cibum
880 1427 1036 1469 sumpsit,
1053 1432 1088 1459 et
1103 1426 1200 1470 quasi
1216 1437 1318 1459 sanus
1332 1427 1458 1466 factus,
1479 1436 1580 1469 super
1596 1426 1735 1459 mullam
1752 1427 1854 1460 sedit.

63 1489 115 1513 ·er
137 1489 273 1523 quoque
296 1480 380 1518 eius,
403 1479 534 1512 habens
556 1490 652 1512 suum
675 1479 822 1512 asinum'
846 1486 1026 1513 oneratum
1049 1479 1198 1522 pellibus
1220 1479 1444 1512 stambucinis
1455 1478 1477 1517 ⁴,
1502 1479 1585 1512 licet
1608 1480 1652 1512 de
1675 1480 1776 1513 solito
1798 1480 1850 1513 bis

47 1538 84 1566 ut
104 1538 159 1567 ter
178 1534 216 1566 in
241 1533 297 1567 die
319 1538 541 1576 torqueretur
563 1533 697 1566 caduco
712 1533 844 1573 morbo,
860 1539 986 1572 tamen,
1003 1532 1174 1576 presbiter
1197 1534 1340 1566 sedente
1363 1543 1468 1576 super
1490 1532 1642 1572 mullam,
1658 1544 1745 1575 puer
1760 1534 1854 1567 idem

47 1586 119 1620 enit
141 1587 323 1620 nobiscum
346 1586 382 1620 in
403 1597 471 1620 una
493 1587 551 1619 die
574 1597 681 1630 usque
706 1588 750 1619 ad
772 1593 928 1620 sanctum
951 1587 1155 1620 Damianum
1178 1588 1223 1620 de
1238 1587 1394 1619 Baraza⁵
1409 1586 1539 1630 absque
1555 1586 1625 1619 ullo
1647 1587 1738 1620 illius
1761 1588 1855 1620 infir-

35 1639 149 1674 itatis
170 1640 430 1683 impedimento.
474 1640 526 1672 Ibi
548 1640 660 1684 gratia
681 1641 747 1673 Dei
769 1646 804 1673 et
825 1640 1010 1673 beatissimi
1034 1640 1219 1678 Ambrosii,
1244 1641 1340 1672 cuius
1363 1640 1459 1673 locus
1481 1641 1544 1673 iste
1569 1640 1658 1673 cella
1679 1647 1742 1679 est,
1765 1642 1854 1674 bene

27 1702 41 1738 J
63 1693 156 1736 cepti
178 1693 454 1736 pernoctavimus
478 1699 512 1726 et
535 1693 677 1725 alteram
701 1693 792 1726 diem
809 1692 1075 1731 dimidiavimus;
1092 1698 1128 1725 et
1150 1698 1228 1725 ante
1245 1692 1339 1725 sollis
1355 1703 1516 1725 occasum
1542 1694 1724 1726 ecclesiam
1742 1694 1855 1727 sancti

37 1746 146 1779 'auli‘
168 1747 365 1790 domunque
388 1752 539 1780 nostram
554 1746 764 1785 intravimus,
780 1752 884 1789 atque
900 1747 1077 1785 familiam,
1094 1757 1160 1790 que
1183 1745 1231 1778 ibi
1254 1747 1386 1786 aderat,
1413 1753 1563 1780 nostram
1577 1747 1682 1780 letam
1698 1748 1855 1780 fecimus.

20 1551 41 1572 t..

110 1841 163 1873 23.
189 1858 227 1865 —
253 1840 506 1873 Grosulanistas
522 1845 556 1873 et
572 1840 607 1872 in
622 1846 721 1883 parte
737 1840 846 1873 altera
861 1841 959 1873 fictos
983 1846 1017 1873 et
1034 1840 1174 1873 dolosos
1189 1851 1400 1873 murmurare
1417 1841 1460 1873 de
1477 1841 1592 1874 reditu
1607 1846 1735 1881 nostro,
1753 1841 1854 1874 valde

55 1893 261 1926 rsensimus.
306 1892 354 1926 At
377 1903 453 1937 ego,
475 1898 513 1926 ut
535 1894 646 1926 minus
668 1899 704 1926 et
725 1894 836 1926 minus
858 1904 978 1926 eorum
1002 1904 1174 1926 murmura
1196 1894 1364 1933 timerem,
1379 1900 1414 1926 et
1429 1899 1467 1926 ut
1481 1905 1591 1926 meam
1608 1899 1643 1926 et
1658 1894 1765 1936 ipsius
1787 1895 1855 1926 mei

44 1947 176 1980 'stri
198 1957 338 1979 causam
362 1946 509 1989 amplius
532 1956 731 1978 excusarem
756 1955 790 1979 et
813 1947 1086 1989 comprobarem,
1109 1947 1248 1980 domum
1271 1947 1363 1980 inter
1379 1953 1546 1990 cognatos
1561 1953 1595 1980 et
1610 1947 1742 1980 vicinos
1757 1958 1851 1980 meos

12 1996 93 2051 J'·.on
116 2000 232 2033 ociose
254 2000 333 2034 emi.
379 1998 472 2038 Quia
495 2000 531 2032 in
554 2000 629 2041 ipsa
652 1999 800 2032 vivendo
824 1999 946 2039 lector,
969 2000 1093 2039 scriba,
1116 2010 1260 2042 puerum
1285 1999 1450 2038 eruditor,
1474 2000 1693 2042 publicorum
1722 2001 1850 2033 officio-

73 2070 89 2082 ··
121 2059 156 2086 et
178 2052 447 2087 beneficiorum⁷
472 2052 658 2095 particeps,
682 2058 718 2085 et
740 2053 920 2086 consulum
945 2053 1167 2095 epistolarum
1190 2052 1386 2086 dictactor⁸
1387 2077 1397 2092 ,
1420 2053 1516 2086 salva
1537 2064 1616 2086 mea
1638 2055 1790 2097 querela,
1817 2054 1853 2086 in

68 2107 173 2140 clesia
194 2112 230 2140 et
251 2107 287 2139 in
310 2107 383 2149 ipsa
406 2106 544 2139 civitate
567 2104 759 2138 Mediolani
782 2106 912 2139 videor.
957 2106 1064 2139 Parvi
1088 2116 1235 2149 namque
1258 2106 1318 2138 filii
1342 2106 1486 2146 eorum‚'
1511 2107 1570 2150 qui
1594 2113 1736 2150 propter
1751 2108 1851 2140 Pata-

15 2160 108 2202 J‘glam
131 2158 443 2192 Herlembardum⁹
465 2158 670 2192 occiderunt
693 2164 728 2191 et
748 2159 977 2201 presbiterum
1001 2159 1215 2202 Liprandum
1239 2169 1323 2191 naso
1348 2165 1383 2192 et
1406 2159 1544 2192 auribus
1559 2166 1774 2199 troncarunt,
1798 2171 1852 2193 me

19 2203 68 2250 ab
91 2212 240 2246 ecclesia
261 2212 371 2245 sancti
394 2212 503 2252 Pauli,
527 2223 593 2256 que
617 2218 667 2245 est
689 2212 808 2244 titulus
830 2222 983 2246 meorum
1007 2213 1179 2252 ordinum,
1202 2212 1397 2246 exturbant
1445 2214 1490 2246 Et
1513 2214 1595 2257 quia
1625 2223 1695 2246 non
1727 2225 1853 2256 sperno

14 2251 214 2306 fibertatem
236 2272 270 2299 et
292 2266 382 2308 piam
407 2265 714 2305 conversationem,
737 2266 796 2309 qui
818 2266 853 2298 in
876 2266 952 2309 ipso
976 2265 1169 2309 presbitero
1193 2266 1271 2306 fuit,
1287 2267 1402 2299 factus
1418 2277 1492 2299 sum
1509 2267 1606 2328 quasi
1629 2267 1852 2310 obprobrium

19 2317 104 2362 31118,
125 2325 160 2352 et
182 2331 236 2352 me
260 2319 464 2362 prohibente
487 2318 667 2360 possident
691 2325 726 2352 et
749 2319 904 2352 vendunt
926 2330 991 2358 res,
1015 2329 1082 2363 que
1105 2325 1184 2352 sunt
1207 2320 1274 2352 mei
1303 2320 1435 2362 proprii
1465 2320 1559 2353 iuris.
1605 2320 1853 2354 Verumtamen

12 2367 95 2407 ¹'ium
116 2373 160 2406 ab
183 2373 340 2415 opuscoli
363 2372 429 2404 mei
453 2371 651 2415 propositol

116 2483 141 2509 5
159 2475 233 2501 XIV.
250 2475 409 2507 Hystorious
426 2478 534 2508 presens
554 2475 724 2508 presbiterum
745 2476 916 2509 Liprandum
939 2484 958 2502 a
984 2476 1116 2502 Valtilina
1138 2476 1326 2502 Mediolanum
1348 2477 1448 2502 reducit
1470 2491 1502 2496 —
1526 2477 1568 2503 28.
1592 2478 1652 2503 XV.
1678 2477 1854 2510 Landulphus

17 2517 164 2551 historicus
181 2525 208 2544 se
226 2525 244 2543 a
256 2517 396 2550 presbitero
413 2517 550 2550 Liprando
569 2518 702 2550 separavit

118 2597 159 2617 ιο.
176 2589 226 2624 Μ.]
243 2589 265 2615 il
281 2590 363 2616 Sass1
381 2589 420 2615 col
436 2589 461 2614 R
479 2591 567 2615 omette
584 2592 673 2622 questa
690 2590 796 2615 {mariale

10 2674 24 2716 ᾗ(
111 2677 120 2695 ¹
138 2679 275 2704 Anselmo
295 2679 370 2704 della
388 2679 518 2704 Pusterla
537 2679 660 2704 divenne
673 2680 856 2705 arcivescovo
876 2680 908 2705 di
962 2682 992 2705 in
1011 2681 1119 2705 Arch.
1139 2681 1237 2706 Stor.
1256 2680 1375 2706 Lomb
1370 2700 1390 2710 ,
1411 2681 1488 2713 1898,
1508 2682 1568 2706 vol.
1588 2681 1621 2713 Ι)

6 2715 143 2755 w-fflllano
165 2721 338 2746 succedendo
356 2721 391 2745 ad
410 2720 510 2746 Olrico
530 2721 580 2745 che
598 2727 645 2746 era
664 2722 741 2746 stato
759 2721 848 2746 electo
863 2722 909 2746 nel
1049 2720 1059 2737 ⁴
1078 2722 1115 2746 Di
1135 2722 1303 2746 stambecco.

14 2762 94 2790 {1120
112 2763 279 2795 (cs.SAV10,
299 2771 324 2795 p.
344 2763 417 2796 475).
1050 2762 1061 2779 ⁵
1080 2763 1136 2788 San
1155 2763 1297 2788 Damiano
1316 2771 1413 2797 presso
1433 2736 1580 2796 Baraggia,
1601 2764 1646 2788 nel
1665 2764 1798 2788 dlstretto
1823 2764 1853 2788 di

15 2803 26 2808 ”
110 2803 122 2821 ²
139 2805 171 2832 sl
188 2805 306 2830 intende
326 2805 462 2830 Anselmo
481 2805 555 2830 della
574 2805 711 2837 Pusterla,
732 2813 785 2831 suo
798 2806 910 2840 collega
962 2806 1073 2831 Monza.
1108 2805 1122 2829 1
1140 2807 1251 2830 monaci
1271 2806 1300 2830 di
1315 2806 1561 2839 sant’Ambrogio,
1576 2806 1698 2838 padroni
1713 2806 1788 2831 della
1802 2808 1855 2830 ter-

6 2831 54 2882 ἔξω
73 2848 148 2873 studi
168 2847 199 2872 ln
218 2847 348 2872 Francia.
383 2847 413 2872 81
427 2847 795 2873 vedal’Introduzlone
815 2856 830 2873 a
845 2856 908 2882 pro-
962 2856 1002 2879 ra,
1021 2850 1050 2873 vi
1070 2850 1210 2873 tenevano
1229 2855 1267 2872 un
1287 2850 1400 2881 ospizio
1421 2847 1514 2881 (cella).

5 2875 121 2923 {fposito
139 2889 196 2914 dell
200 2889 316 2921 ’angehcs
334 2890 384 2914 che
403 2890 427 2914 sl
447 2890 475 2914 sa
495 2891 627 2914 Incontro
647 2898 662 2914 a
685 2890 840 2916 Landolfo.
1050 2888 1062 2906 ⁶
1080 2890 1136 2915 San
1154 2890 1245 2915 Paolo
1263 2890 1294 2915 ln
1315 2891 1452 2923 Compito
1471 2898 1488 2915 a
1507 2891 1625 2916 Milano.

6 2932 25 2977 ἓ
112 2930 123 2948 ³
141 2931 187 2957 Cf.
205 2939 289 2965 sopra
308 2937 379 2963 n.7.
410 2932 433 2956 11
448 2934 609 2957 monastero
623 2933 650 2957 di
666 2931 768 2957 Clvate
781 2933 827 2957 dal
844 2932 910 2957 1018
1049 2931 1060 2948 ⁷
1081 2933 1119 2957 Le
1137 2933 1290 2966 largizloni
1310 2933 1509 2958 arcivescovili
1530 2934 1559 2958 di
1579 2934 1624 2958 cul
1642 2934 1670 2957 al
1691 2941 1718 2958 n.
1731 2941 1747 2966 4
1762 2941 1853 2966 sopra⁴

8 2971 83 2999 finon
102 2975 277 2999 chiamavasl
296 2972 346 3007 plu
364 2974 394 3000 S.
418 2974 500 3004 Petri,
526 2982 570 2999 ma
594 2974 623 3000 S.
647 2974 772 3000 Kaloom·
798 2974 846 3007 (cf.
871 2975 909 3000 Μ
1049 2972 1061 2990 ⁸
1079 2975 1248 3000 Scritturale
1267 2983 1284 3000 o
1303 2978 1461 3008 segretario
1481 2976 1525 3000 dei
1546 2975 1678 3001 Consoli.

5 3006 239 3067 'wammam-n,
250 3016 377 3049 Appunti
389 3019 437 3049 per
448 3016 476 3041 la
487 3016 570 3042 storia
578 3016 638 3042 dell'
640 3016 761 3042 Abbasia
770 3016 797 3041 ai
809 3016 909 3047 δίναις,
1053 3015 1065 3032 ⁹
1082 3017 1235 3042 Nell'anno
1258 3023 1304 3049 ¹07
1309 3025 1332 3050 5.

1941 538 1961 552 c.
1976 533 2025 552 Sor

1914 1491 1988 1515 Mun..
2003 1492 2044 1516 486

1942 2120 1962 2134 c.
1977 2114 2024 2134 80¹1

1885 2773 1914 2798 Ι5

1881 2987 1916 3004 20
