2288 3476
466 386 562 421 Misit
585 386 631 420 ob
653 387 722 420 hoc
745 386 879 419 factum
901 385 1051 418 Romam
1073 389 1176 427 pater
1197 380 1282 415 Atto
1305 380 1515 419 Tedaldum,

466 441 537 481 Qui
559 439 724 484 precibus
746 439 844 473 iustis
866 438 1096 472 Benedictum
1119 436 1272 480 postulat
1293 434 1399 474 urbis,

371 716 426 742 660

371 983 424 1016 665

369 1482 424 1513 670

50 2287 55 2290 Δ
165 2264 192 2280 v.
210 2255 262 2287 ⁶54
282 2264 296 2280 e
313 2252 391 2287 sgg.)
409 2254 474 2279 Una
492 2261 661 2286 pergamena
679 2253 796 2278 Estense
809 2253 845 2278 ha
858 2259 970 2277 conser-

57 2318 59 2320 -
77 2299 144 2324 vnto
162 2305 201 2323 un
221 2297 390 2322 frammento
410 2296 485 2321 della
508 2296 587 2321 bolla
606 2296 637 2321 dl
662 2295 815 2320 Benedetto
841 2294 902 2324 vn,
922 2295 971 2319 che

53 2351 61 2367 ,τ
77 2347 209 2366 concesse
221 2341 314 2373 questi
327 2340 464 2373 privilegi
480 2339 537 2364 alla
551 2339 648 2364 chiesa
661 2339 691 2364 di
707 2338 844 2370 Canossa,
859 2338 905 2363 nel
919 2343 970 2371 975

46 2377 54 2412 '⁷
76 2391 94 2408 ο
111 2382 165 2417 976
183 2381 272 2417 (anno
286 2383 408 2407 secondo
427 2381 473 2407 del
493 2389 565 2414 papa
590 2382 744 2406 Benedetto
765 2380 826 2411 VII,
844 2382 921 2405 terzo
941 2381 969 2405 di

77 2423 184 2451 ottone
203 2425 250 2458 11).
286 2424 322 2449 Vi
348 2425 373 2449 si
392 2425 487 2457 legge:
515 2424 662 2456 “qualiter
687 2423 850 2448 Teudaldus
870 2422 972 2448 Comes

60 2499 61 2502 Ἰ
79 2467 179 2492 “filius
198 2467 345 2492 Adelberti
367 2467 423 2491 iam
438 2466 563 2491 Comitis
583 2466 686 2491 limina
705 2466 912 2498 Apostolorum
932 2466 972 2490 di-

48 2527 50 2529 ·
80 2510 159 2544 “gna
178 2510 333 2535 devotione
353 2510 475 2534 visitans
488 2517 523 2534 ex
542 2510 622 2542 parte
640 2510 683 2533 sui
699 2510 789 2541 patris
807 2509 971 2534 huiusmodi

79 2550 94 2567 ‘¹
104 2560 120 2578 ι
139 2554 237 2578 nostra
257 2552 429 2585 Apostolica
449 2551 622 2576 auctoritate
636 2550 722 2584 petiit
735 2552 767 2575 ut
780 2551 927 2576 ecclesiam
942 2551 972 2575 in

49 2605 60 2630 3¹
79 2593 243 2620 “honorem
261 2595 430 2620 Sanctorum
454 2594 650 2618 confessorum
675 2593 739 2623 Dei,
757 2592 913 2625 Apollonii
932 2593 973 2617 vi-

47 2639 50 2641 ’
80 2636 219 2666 “delleet.
237 2637 365 2662 Ursicini
387 2638 470 2668 atque
489 2635 661 2664 Rustic1ani,
682 2637 836 2668 martyrum
862 2642 974 2668 quoque

52 2682 54 2686 “
81 2679 96 2693 ⁸
106 2679 249 2710 Mauricli,
259 2679 417 2704 Alexandri
429 2679 457 2702 et
471 2678 599 2703 Victoris
613 2679 805 2702 consecratam
816 2685 898 2709 quam
914 2678 975 2710 ipse

50 2733 54 2740 ·›
81 2720 275 2747 “Adelbertus
300 2721 331 2746 in
351 2722 410 2745 suis
436 2720 564 2753 propriis
589 2719 671 2744 rebus
696 2719 833 2744 videlicet
852 2720 883 2744 in
904 2727 972 2753 rupe

53 2769 66 2802 '⁷
82 2763 177 2796 “quae
195 2762 321 2789 Canusia
343 2764 462 2788 vocatur
481 2763 514 2787 ab
541 2763 607 2787 imIs
627 2763 821 2787 fundamentis
845 2763 975 2787 constru-

82 2805 96 2820 ⁴¹
108 2807 228 2838 xerat„;
247 2807 271 2831 si
292 2806 408 2831 ricorda
425 2806 454 2830 la
473 2805 582 2830 decima
595 2812 644 2837 per
663 2810 714 2829 uso
734 2805 763 2829 di
780 2811 809 2829 12
825 2804 975 2834 canonic13

62 2852 64 2855 ’
80 2849 159 2874 tutto
178 2850 277 2881 questo
297 2848 442 2873 conferma
461 2848 487 2872 le
508 2847 615 2872 notizie
633 2847 697 2872 date
717 2847 752 2871 da
773 2847 808 2871 D.
828 2846 877 2871 che
897 2848 976 2871 certo

47 2906 59 2923 -,·
82 2891 147 2916 vide
166 2897 181 2916 e
199 2889 252 2916 uso
271 2898 349 2915 come
368 2890 450 2915 {onte
474 2890 573 2922 questa
591 2889 677 2914 bolla.
713 2888 794 2914 MUR.
830 2887 974 2913 L’indica-

3 2943 6 2962 2
55 2934 60 2967 ’ἦ
80 2935 164 2959 zlone
183 2933 227 2958 del
254 2933 391 2958 Muratori
411 2932 462 2957 che
485 2931 558 2957 l’iam
583 2931 687 2957 comitis
711 2931 822 2956 volesse
847 2931 908 2956 dire
927 2931 977 2955 che

48 2974 61 3008 f
82 2975 162 3000 Ano
181 2982 227 3000 era
245 2981 263 2999 o
284 2976 379 3000 morto
392 2982 409 2999 ο
428 2974 544 2998 ritlrato
558 2973 635 3006 dagli
655 2973 728 2998 uffici
743 2971 758 2997 ὲ
777 2972 977 2997 contraddetta

55 3021 59 3033 ³
81 3018 128 3044 dai
148 3019 322 3044 documenti.
358 3018 430 3043 Vedi
451 3017 525 3042 sulla
548 3016 652 3045 chiesa.
675 3015 768 3045 Kana,
789 3016 874 3041 Italia
888 3017 978 3047 ponti-

50 3072 53 3076 <
79 3061 157 3094 ficia,
178 3059 211 3091 V,
231 3060 358 3085 Aemilia.

466 495 580 528 Rome
603 494 816 537 pontificem,
840 493 899 536 qui
921 491 1028 537 gratis
1049 496 1183 534 prestat
1205 489 1330 528 eidem,

466 548 623 582 Solutam
646 547 811 587 reddens,
836 556 880 579 ne
902 546 1085 590 pontifices
1107 544 1157 586 ibi
1179 544 1293 587 legem

466 601 688 635 Constituant
710 602 826 640 ullam,
850 611 917 633 nec
941 600 992 633 eis
1014 599 1174 632 subiecta
1196 597 1239 631 sit
1261 607 1435 640 umquam,

467 656 624 689 Romane
648 655 724 688 sedi
747 655 812 688 sed
834 654 877 687 sit
899 653 1057 686 subiecta
1079 652 1202 685 fidelis.

472 708 553 742 Non
577 708 726 752 aliquam
750 707 908 740 sinodum
931 706 1099 749 permittit
1122 714 1267 749 querere
1290 709 1409 737 nostro

463 762 658 806 Preposito,
681 771 867 804 numquam
890 760 977 803 petit
999 766 1034 793 et
1057 759 1168 792 clerus
1190 769 1272 791 suus
1294 757 1410 790 ullam.

464 815 585 848 Munia
609 815 727 848 divina
750 815 895 856 cupiunt
919 813 1102 856 adquirere
1126 812 1154 845 si
1177 822 1257 855 qua,

465 869 525 902 Ad
547 878 800 912 quemcumque
825 867 941 899 locum
964 866 1081 908 placet
1103 865 1185 904 illis,
1209 874 1359 908 pergere
1382 868 1537 906 possunt,

466 921 667 955 catholicus
689 926 822 953 tantum
845 925 993 953 caveant
1015 919 1058 952 sit
1081 919 1277 961 episcopus,
1301 917 1428 950 almum

470 974 629 1008 Officium
651 979 748 1007 recte
772 978 962 1015 sancteque
987 972 1047 1005 det
1071 982 1112 1004 ac
1135 975 1350 1004 reverenter.

463 1028 612 1061 Pulvere
635 1032 844 1066 sanctorum,
867 1036 928 1059 seu
953 1031 1057 1058 cantu
1079 1025 1364 1067 presbiterorum,

464 1081 549 1114 Esse
573 1080 771 1115 redimitum
794 1091 877 1123 sape
902 1076 1110 1113 vestibulum
1135 1077 1360 1112 Canusinum.

731 1177 946 1211 MANTUA
968 1176 1256 1211 RESPONDIT.

465 1252 564 1285 Haec
586 1250 790 1295 ignorabam
814 1250 858 1283 de
881 1255 927 1288 te,
951 1249 1058 1283 michi
1082 1248 1188 1281 crede
1213 1248 1332 1281 beata:

469 1305 541 1338 Sed
563 1304 626 1337 sub
649 1303 770 1347 regino
794 1308 827 1335 te
850 1301 988 1345 presule
1011 1312 1082 1336 non
1105 1301 1183 1334 fore
1209 1301 1327 1334 miror.

804 1398 1025 1433 CANOSSA
1048 1398 1191 1432 DICIT.

468 1473 528 1506 Sic
553 1483 620 1516 ego
642 1473 799 1515 reginum
822 1472 938 1509 timeo,
962 1481 1036 1504 mos
1059 1477 1111 1503 est
1133 1477 1171 1503 ut
1194 1470 1353 1503 amicum.

467 1526 541 1559 Lex
563 1536 641 1558 mea
663 1526 810 1568 privata,
833 1525 1045 1558 Benedictus
1068 1535 1171 1568 quam
1194 1523 1300 1556 michi
1322 1535 1416 1567 papa

468 1579 613 1613 Prebuit
635 1579 672 1611 in
696 1585 792 1612 carta
814 1578 947 1612 carecti
970 1578 1109 1611 fortiter
1132 1577 1256 1620 ampla,

468 1634 616 1675 Separat
640 1644 660 1665 a
685 1631 836 1671 Christo,
859 1631 890 1664 si
913 1632 998 1674 quid
1021 1631 1126 1664 michi
1150 1631 1297 1664 demerit
1320 1631 1444 1674 ipsum.

469 1687 568 1720 Illius
591 1698 611 1719 a
635 1697 719 1719 cura
741 1687 864 1729 procul
887 1686 1002 1719 omnia
1024 1694 1103 1718 sunt
1124 1695 1203 1718 mea
1226 1686 1318 1722 iura;

471 1740 659 1773 Pontifices
683 1750 813 1778 omnes,
837 1749 951 1783 poena
972 1739 1075 1772 simili
1098 1749 1238 1782 quoque
1262 1745 1380 1772 torret.

738 1835 953 1871 MANTUA
975 1836 1264 1871 RESPONDIT.

472 1910 583 1943 Parce
607 1909 716 1942 michi
740 1919 880 1953 quaeso,
904 1909 1007 1942 video
1030 1915 1064 1942 te
1088 1915 1232 1952 tangere
1256 1907 1421 1942 caelum.'

807 2006 1031 2040 CANOSSA
1053 2006 1196 2040 DICIT.

470 2078 583 2112 Pareo
606 2078 669 2112 tibi
689 2078 804 2116 valde,
828 2088 964 2111 mecum
989 2087 1077 2110 cane
1104 2078 1259 2110 carmina
1281 2077 1415 2117 saltem,

471 2131 526 2165 Ex
549 2131 692 2165 domino
714 2136 834 2164 nostro
858 2130 1051 2164 Bonefacio
1074 2130 1170 2163 velut
1194 2136 1288 2173 opto.

1114 2262 1140 2278 v.
1159 2251 1220 2285 667)
1248 2253 1407 2278 Vestibulum
1432 2253 1593 2282 canusinum,
1613 2252 1642 2277 la
1661 2252 1758 2277 chiesa
1777 2252 1868 2276 intera
1888 2252 1924 2275 cf.

1026 2297 1047 2320 il
1068 2304 1094 2320 v.
1114 2296 1183 2328 428:
1203 2296 1224 2320 il
1244 2303 1326 2321 verso
1345 2294 1360 2320 ὲ
1380 2296 1512 2320 riseritto
1532 2303 1565 2320 su
1583 2302 1688 2320 rasura.

1113 2347 1142 2363 v.
1159 2337 1221 2371 672)
1244 2338 1361 2369 Carecti,
1380 2338 1403 2362 il
1428 2338 1531 2371 papiro
1558 2338 1602 2362 del
1630 2337 1785 2370 privilegio
1810 2335 1926 2369 (Lam).

1024 2381 1047 2405 11
1069 2381 1211 2405 Muratori
1236 2381 1334 2405 invece
1351 2380 1441 2411 volea,
1454 2388 1470 2404 a
1484 2381 1571 2409 torto,
1585 2386 1751 2412 correggere
1770 2379 1790 2403 il
1806 2379 1880 2403 testo
1894 2379 1924 2402 in

1026 2426 1140 2448 exarata
1165 2430 1183 2447 0
1208 2422 1459 2456 charactiformiter
1484 2423 1583 2453 ampla.
1622 2421 1752 2446 Dall'uso
1779 2421 1810 2445 di
1829 2422 1925 2452 queste

1026 2465 1133 2497 parole,
1153 2472 1232 2490 come
1252 2465 1282 2489 di
1301 2466 1413 2490 adamas
1430 2464 1478 2497 (11,
1497 2462 1562 2497 483)
1581 2472 1594 2488 e
1620 2471 1716 2489 cervus
1741 2462 1786 2495 (11,
1810 2461 1882 2495 863),
1903 2462 1924 2486 il

1026 2507 1215 2540 Pannenborg
1233 2505 1287 2540 (op.
1307 2507 1361 2535 cit..
1381 2514 1407 2538 p.
1431 2506 1473 2539 η)
1492 2507 1590 2531 ricava
1610 2506 1660 2530 che
1674 2506 1709 2530 D.
1722 2511 1880 2530 conosceva
1900 2505 1926 2528 le

1027 2550 1194 2581 Etimologie
1213 2548 1243 2574 di
1263 2549 1382 2574 Isidoro.

1116 2601 1140 2616 v.
1160 2591 1223 2623 674)
1246 2591 1334 2622 nlius,
1355 2591 1376 2616 il
1397 2598 1520 2616 vescovo
1540 2591 1568 2615 di
1590 2589 1712 2623 Reggio.

1116 2643 1142 2658 v.
1161 2633 1225 2666 675)
1245 2637 1339 2665 torret,
1361 2632 1422 2658 cio'e
1445 2634 1467 2657 il
1494 2633 1652 2666 privilegio
1671 2632 1773 2665 papale
1799 2631 1926 2664 colpisce

1028 2684 1081 2701 con
1102 2676 1197 2701 simile
1223 2684 1293 2708 pena
1319 2677 1408 2701 anche
1429 2677 1437 2701 i
1458 2677 1572 2700 vescovi
1599 2675 1650 2700 che
1675 2675 1834 2698 violassero
1854 2674 1864 2698 i
1885 2673 1925 2698 di-

1029 2719 1094 2743 ritti
1114 2719 1142 2742 di
1164 2717 1303 2743 Canossa.

1118 2770 1143 2785 v.
1163 2761 1213 2791 677
1225 2759 1326 2793 esgg.)
1341 2759 1404 2786 Con
1418 2768 1457 2785 un
1472 2761 1624 2793 passaggio
1639 2759 1796 2784 artificioso
1809 2759 1845 2783 D.
1858 2758 1926 2783 vuol

1030 2804 1072 2828 sar
1091 2810 1196 2835 pompa
1215 2803 1291 2827 della
1311 2810 1360 2827 sua
1379 2803 1545 2827 erudizione
1570 2801 1728 2834 virgiliana
1753 2801 1926 2825 sostenendo

1029 2846 1104 2871 sulla
1117 2845 1183 2870 base
1196 2845 1270 2870 della
1284 2845 1454 2877 etlmologia
1468 2845 1497 2869 di
1513 2844 1566 2868 due
1587 2841 1707 2868 localita
1720 2843 1765 2868 del
1778 2842 1927 2876 Reggiano

1032 2887 1161 2919 (Mai-ola,
1182 2888 1307 2912 Maronis
1326 2888 1390 2912 aula
1402 2895 1417 2912 e
1432 2886 1566 2915 Balestra,
1582 2886 1692 2910 Balista
1705 2883 1787 2917 mons)
1801 2885 1851 2909 che
1863 2884 1927 2909 vir-

1030 2930 1105 2963 gilio
1124 2930 1268 2963 fuggendo
1287 2930 1322 2954 da
1342 2929 1480 2954 Mantova
1499 2929 1522 2953 si
1550 2927 1735 2953 nascondesse
1761 2928 1805 2952 nei
1834 2928 1925 2951 monti

1031 2973 1060 2998 di
1080 2973 1198 3005 Reggio.
1236 2972 1249 2996 1
1267 2972 1342 2996 versi
1361 2972 1410 3004 qui
1435 2971 1544 2996 risen-iti
1568 2978 1641 2995 sono
1666 2969 1754 3002 quelli
1782 2969 1927 2995 attribuiti

1032 3015 1058 3039 al
1078 3017 1163 3047 poeta
1181 3013 1229 3039 dal
1248 3014 1435 3046 grammatico
1455 3013 1487 3037 T.
1508 3013 1632 3041 Donato,
1651 3019 1706 3037 con
1720 3012 1747 3036 le
1759 3019 1808 3036 sue
1822 3012 1926 3044 puerili

1032 3056 1220 3090 spiegazioni.

1940 759 1988 780 cod.
2009 760 2033 783 V,
2048 765 2068 782 c.
2083 761 2130 779 26r

2013 2087 2032 2101 c.
2048 2082 2097 2101 mv

1953 2425 1984 2451 25

1954 2637 1988 2663 30

1954 2849 1988 2876 35

1955 3059 1990 3085 40
