2288 3476
187 1475 207 1490 e.
222 1470 270 1494 87⁹

155 1788 284 1814 Mum‚3Q

303 2805 334 2823 10

302 3018 333 3043 ¹5

640 565 706 591 1455

640 825 709 857 1460

640 1092 707 1126 ¹4⁶5

640 1366 710 1393 ¹47⁰

641 1634 709 1662 ¹⁴⁷5

641 1897 710 1931 1480

643 2165 710 2198 1485

1057 269 1186 306 VITA
1213 271 1255 305 M
1261 270 1332 307 AT
1333 271 1504 307 HILDIS

755 391 788 423 A
812 391 951 425 domina
975 397 1068 423 tanta
1092 398 1271 434 susceptus
1294 398 1331 424 ut
1353 392 1490 426 inclitus
1512 393 1629 432 abbas,

755 445 855 477 More
879 455 940 477 suo
964 444 1094 477 sanctis
1117 455 1260 488 surgens
1285 451 1423 478 cantare
1447 446 1593 479 sinaxim

756 498 982 535 Noctumam,
1007 507 1151 541 magnus
1175 498 1256 530 licet
1279 497 1379 542 algor
1401 500 1587 544 stringeret
1611 506 1716 540 artus,

753 551 890 582 Devote
914 550 1056 594 gracilis
1078 550 1188 593 surgit
1211 557 1325 583 tamen
1349 551 1423 594 ipsa
1447 552 1638 591 Mathildis,

756 604 909 637 Auribus
932 604 1074 636 intentis
1097 604 1273 646 capiendo*
1291 604 1400 638 verba
1423 605 1592 639 canentis.

754 657 925 689 Extensos
949 663 1071 690 cantus
1093 667 1164 690 non
1189 656 1341 691 deseruit
1363 658 1429 691 sibi
1452 665 1587 701 gratos;

755 710 901 754 Frigore
925 720 1100 753 percussa,
1124 710 1237 743 doluit
1259 711 1360 744 nimis
1383 711 1464 744 ilico
1487 718 1594 756 gutta,

758 764 899 806 Vixque
925 764 983 796 die
1007 763 1132 797 mansit
1156 764 1263 806 patris
1285 765 1330 797 ad
1352 764 1490 798 missam
1512 766 1721 804 venerandi3

756 816 912 860 Cumque
936 817 1011 849 dies
1034 817 1121 850 luxit
1143 817 1210 850 fuit
1232 818 1268 850 in
1292 829 1361 862 qua
1383 818 1510 852 tinctus
1531 819 1567 852 in
1590 820 1694 853 undis

757 871 926 910 Christus,
949 876 984 903 et
1006 870 1043 903 in
1066 871 1166 904 stella
1190 871 1334 916 paganis
1357 882 1393 905 se
1416 873 1626 912 manifestat,

755 924 811 957 Ac
836 923 983 967 liquidas
1006 924 1110 957 vertit
1132 924 1257 958 latices
1280 924 1315 957 in
1338 926 1447 958 odore
1470 926 1620 966 Falerni,

754 977 969 1020 Praescripti
991 978 1110 1020 patris,
1133 978 1292 1012 manibus
1315 979 1374 1012 vix
1397 979 1504 1013 ducta
1526 980 1686 1014 ducatrix

753 1031 900 1064 Audivit
922 1031 1073 1070 missam,
1096 1031 1180 1064 licet
1201 1042 1285 1076 egra
1307 1033 1473 1066 remansit
1496 1034 1541 1066 ad
1563 1034 1690 1077 ipsam3

755 1084 939 1128 Languida
960 1083 1106 1127 grabato
1130 1085 1224 1118 redit
1248 1085 1361 1118 officio
1385 1086 1573 1120 celebrato.

757 1137 878 1171 Abbas
901 1139 1053 1181 dumque
1077 1138 1143 1171 sibi
1166 1145 1359 1172 comeatum
1383 1140 1486 1182 plane
1509 1141 1643 1184 petivit,

754 1193 834 1235 Ipsa
855 1191 924 1225 suis
947 1192 1058 1225 fidens
1081 1192 1256 1234 precibus,
1280 1193 1426 1226 donavit
1447 1194 1561 1227 eidem

755 1245 878 1286 Pallia,
901 1251 1053 1278 sacratas
1075 1251 1200 1284 vestes,
1225 1253 1392 1290 argentea
1414 1258 1498 1280 vasa

755 1298 872 1342 Atque
894 1308 1034 1331 crucem
1057 1305 1213 1331 sanctam
1235 1299 1382 1341 pulchre
1404 1301 1548 1344 gemmis
1580 1307 1766 1344 operatam.

755 1352 796 1389 Ov
809 1352 934 1385 cultrix
957 1351 1097 1390 Christi,
1122 1357 1288 1395 quantum
1310 1353 1464 1387 studiosa
1486 1354 1600 1388 fuisti:

755 1404 789 1438 A
810 1411 846 1438 te
868 1416 939 1438 non
961 1405 1051 1437 ullus
1074 1415 1204 1438 vacuus
1227 1406 1387 1439 discessit
1409 1407 1610 1447 homullus‚‘

757 1459 794 1492 Si
816 1458 959 1491 Domini
982 1464 1115 1491 certum
1138 1459 1241 1501 quisti
1264 1460 1340 1492 fore
1365 1460 1502 1494 discere
1525 1472 1674 1495 servum.

758 1513 846 1546 Cum
870 1512 968 1545 venit
989 1518 1127 1555 tempus
1149 1513 1245 1555 quod
1265 1513 1399 1547 ieiunat
1420 1525 1559 1558 quoque
1589 1516 1696 1554 Iesus,

754 1567 913 1600 Ieiunare
938 1566 1060 1599 volens
1081 1567 1169 1599 haec
1193 1566 1318 1600 debilis
1339 1568 1414 1600 eius
1435 1579 1566 1609 amore,

755 1620 945 1654 Pontifices
967 1620 1093 1653 adsunt
1115 1619 1302 1663 prohibent
1323 1621 1463 1661 ieiunia,
1486 1629 1619 1657 tantum

757 1675 918 1719 Ingentes
941 1684 1070 1718 agapes
1092 1674 1158 1707 sibi
1184 1675 1382 1718 precipiunt
1405 1676 1489 1709 dare
1512 1676 1620 1721 large.

755 1728 962 1762 Pontificum
986 1729 1091 1762 dictis
1112 1729 1297 1762 Mathildis
1317 1730 1434 1772 paruit
1457 1729 1559 1769 istis,'

759 1781 848 1820 Quis
871 1782 1033 1815 confessa
1055 1783 1124 1815 fuit
1147 1783 1297 1816 lacrimis
1319 1793 1380 1816 sua
1403 1783 1524 1817 debita
1547 1784 1658 1827 puris:

756 1836 834 1868 Iure
857 1836 951 1869 stolis
974 1846 1118 1879 quorum
1141 1837 1230 1869 solvi
1251 1837 1373 1870 meruit
1395 1838 1578 1871 seniorum.
1654 1838 1657 1842 ’

755 1890 895 1922 Interea
915 1890 1062 1933 languor
1086 1901 1163 1923 cum
1187 1901 1257 1924 non
1282 1897 1434 1924 cessaret
1457 1891 1501 1924 ab
1524 1891 1604 1924 alvo

756 1943 862 1982 Illius,
886 1943 970 1975 inde
993 1943 1130 1982 timens,
1154 1944 1251 1976 dedit
1273 1944 1452 1978 aecclesiis
1475 1956 1534 1979 sua
1558 1945 1691 1978 vivens.

758 1996 986 2039 Amplificare
1009 1997 1152 2030 studens
1174 2003 1257 2030 tunc
1281 1998 1470 2032 aecclesias
1492 1998 1582 2032 bene
1606 1999 1733 2042 plures,

757 2051 839 2083 Non
863 2055 914 2083 est
937 2050 1045 2084 oblita
1067 2051 1151 2094 quin
1173 2051 1381 2084 aecclesiam
1405 2052 1625 2092 Canusinam,

756 2105 901 2147 Semper
924 2114 1005 2137 cara
1028 2103 1094 2137 sibi
1116 2105 1184 2137 fuit
1206 2104 1299 2138 illius
1321 2111 1424 2148 atque
1447 2106 1668 2150 propinquis:

759 2157 843 2190 Eius
867 2167 935 2200 quo
959 2157 1053 2190 circa
1074 2157 1195 2190 tribuit
1218 2157 1282 2190 sub
1305 2158 1378 2191 iure
1402 2158 1563 2198 Filinam,

755 2210 943 2255 Egregiam
967 2216 1113 2251 curtem,
1137 2212 1274 2244 dantem
1296 2211 1415 2255 fruges
1438 2217 1490 2245 sat
1512 2212 1685 2246 habunde.

758 2264 1031 2308 Innumerosque
1055 2274 1134 2297 suos
1156 2264 1315 2310 famulos,
1337 2265 1435 2308 jubet
1458 2265 1547 2299 haec
1571 2266 1655 2298 hera
1678 2272 1825 2300 cunctos

361 2422 446 2446 dotto
465 2422 500 2447 ad
528 2423 641 2447 entrare
666 2429 682 2445 a
707 2421 811 2454 Cluny.
849 2422 948 2446 Ancor
973 2422 1097 2454 giovane
1117 2423 1149 2446 ed
1170 2422 1258 2447 ambi-

360 2465 441 2489 zioso
461 2464 485 2488 si
507 2464 585 2489 facea
605 2464 747 2488 chismate
766 2464 847 2489 abate
866 2463 944 2496 degli
964 2464 1041 2489 abati
1062 2462 1150 2497 (forse
1169 2472 1203 2489 ve
1223 2472 1258 2489 ne

360 2505 374 2530 ὲ
394 2505 493 2531 un’eco
513 2506 714 2538 nell’inspaector
733 2506 763 2530 di
782 2505 841 2538 D.)‚
860 2513 926 2531 cosa
946 2506 995 2530 che
1015 2506 1062 2538 gli·
1080 2506 1111 2531 fu
1130 2507 1180 2539 poi
1199 2506 1257 2531 vle-

360 2550 431 2574 tata.
466 2549 519 2573 Nel
541 2553 607 2580 1115
628 2548 659 2573 su
679 2556 694 2573 a
713 2548 796 2582 Spira
816 2549 851 2573 da
869 2548 976 2573 Enrico
989 2549 1040 2573 che
1055 2549 1086 2574 lo
1105 2547 1210 2574 mando
1230 2549 1257 2574 al

360 2599 433 2624 papa
453 2599 502 2624 per
519 2592 672 2616 trattative
692 2592 723 2616 dl
741 2599 818 2624 pace.

448 2642 476 2659 v.
494 2631 577 2666 1453)
597 2635 717 2659 Sinaxim
736 2637 900 2663 nocturnam.
921 2634 1040 2659 l’ufficio
1061 2636 1211 2659 notturno.

449 2684 476 2701 v.
493 2674 578 2709 1459)
597 2676 642 2701 vix
661 2676 716 2706 die,
735 2676 801 2700 sino
822 2683 838 2700 a
857 2676 972 2708 giorno.

448 2725 473 2742 v.
492 2717 572 2749 1460)
592 2717 628 2742 D.
647 2717 678 2742 fa
696 2717 744 2749 qui
764 2724 820 2741 una
840 2718 954 2742 curiosa
974 2718 1147 2742 confusione
1166 2717 1195 2743 di
1216 2719 1258 2742 tre

360 2758 428 2783 fatti
447 2758 617 2791 evangelici,
637 2759 659 2783 il
688 2759 843 2783 battesimo
870 2759 900 2783 di
920 2758 1027 2788 Cr1sto,
1054 2759 1259 2793 l'apparlzione

360 2801 436 2826 della
456 2801 539 2826 stella
565 2802 609 2826 dei
635 2801 677 2826 Re
702 2803 786 2834 magi,
806 2809 821 2826 e
841 2802 914 2826 delle
939 2801 1032 2826 Nozze
1052 2802 1081 2826 dl
1101 2802 1189 2834 Cana,
1207 2802 1259 2827 che

361 2843 472 2868 cadono
492 2844 593 2869 dentro
613 2844 735 2869 l'ottava
755 2843 968 2876 dell’Episania,
990 2851 1034 2868 ma
1054 2852 1121 2876 non,
1148 2845 1258 2869 almeno

361 2893 418 2914 ora,
440 2885 518 2910 neno
539 2887 628 2910 stesso
648 2887 763 2918 giorno.

448 2935 474 2952 v.
500 2927 577 2960 1463)
603 2929 721 2953 manibus
746 2929 792 2953 vix
816 2929 905 2958 ducta,
931 2930 1078 2961 condutta,
1103 2931 1224 2955 sorretts
1242 2937 1258 2954 a

361 2976 454 2997 mano,
475 2977 541 2998 non,
562 2970 731 3003 reggendosi
753 2971 780 2995 al
800 2971 914 2995 braccio
934 2971 979 2995 del
1002 2972 1118 2996 riserito
1138 2972 1232 3004 padre.

450 3018 476 3035 v.
496 3011 574 3042 1472)
596 3011 756 3037 Costruisci
775 3015 875 3045 questo
893 3013 1015 3038 barbaro
1035 3021 1131 3038 verso:
1153 3014 1186 3039 Si
1202 3014 1259 3046 qui-

363 3052 401 3076 sti
417 3053 520 3078 discere
539 3058 641 3079 certum
653 3055 740 3087 fore
761 3054 842 3088 (esse)
860 3063 970 3080 servum
984 3056 1097 3081 domiui:
1118 3064 1145 3081 se
1158 3058 1258 3090 potevi

1313 2429 1409 2454 sapere
1428 2422 1478 2447 che
1497 2431 1544 2447 era
1565 2431 1647 2448 servo
1667 2424 1696 2448 di
1715 2424 1782 2448 Dio.
2232 2449 2235 2456 ,

1400 2471 1426 2489 v.
1441 2463 1520 2497 1474)
1532 2465 1554 2489 Il
1569 2465 1690 2497 digiunc·
1701 2466 1889 2497 quaresimale
1901 2465 2055 2495 comincio,
2069 2466 2114 2490 nel
2131 2471 2208 2498 11¹5,
2229 2464 2235 2491 ζ

1313 2506 1334 2530 il
1354 2513 1368 2538 3
1389 2513 1494 2531 marzo.

1403 2557 1429 2574 v.
1454 2547 1534 2581 1476)
1557 2553 1670 2582 agapes,
1695 2549 1901 2575 distribuzioni
1926 2551 1956 2576 al
1979 2551 2079 2584 poveri
2104 2549 2154 2584 (cs.
2180 2557 2207 2576 v.
2231 2554 2233 2557 ·

1313 2591 1374 2622 872.
1393 2591 1432 2623 ΙΙ)
1443 2598 1491 2624 per
1510 2599 1695 2624 compensare
1716 2593 1735 2617 il
1757 2594 1888 2618 mancato
1907 2592 2045 2626 diglun03
2064 2600 2132 2623 non.
2146 2600 2206 2627 pre·
2229 2616 2231 2620 ,
2247 2610 2248 2621 2

1312 2634 1447 2658 scrissero
1467 2635 1493 2658 ai
1515 2633 1673 2666 samigliari
1695 2634 1723 2658 di
1748 2635 1923 2666 apprestarle
1941 2642 1998 2660 una
2018 2641 2114 2660 mensa
2133 2635 2208 2659 rlcca
2233 2637 2246 2670 J·-

1312 2675 1343 2699 di
1363 2676 1451 2700 molte
1471 2676 1595 2701 vivande
1605 2675 1644 2709 (Σ)

1401 2727 1428 2743 v.
1447 2717 1526 2750 1480)
1547 2719 1588 2743 Ab
1607 2721 1680 2750 alvo,
1700 2719 1746 2744 dal
1767 2727 1862 2753 corpo,
1883 2720 1919 2745 cf.
1938 2719 1951 2744 1
1969 2727 1997 2744 v.
2016 2724 2076 2752 744.
2227 2746 2230 2747 ⁷

1400 2769 1427 2786 v.
1446 2759 1525 2793 1483)
1546 2761 1647 2786 Felina
1666 2761 1712 2786 nel
1731 2762 1882 2795 Reggiano
1901 2769 1999 2794 presso
2012 2761 2209 2793 nium-aton,
2242 2791 2248 2799 Ι

1313 2803 1392 2828 Mun.
1430 2802 1528 2828 L'atto
1542 2803 1571 2828 di
1587 2803 1749 2828 donazione
1763 2812 1820 2829 non
1843 2805 1867 2828 ci
1888 2802 1903 2829 ὲ
1921 2805 2090 2838 perveuuto.
2125 2803 2210 2829 Altre
2233 2801 2244 2836 ζ

1314 2845 1471 2870 donazioni
1482 2853 1497 2870 a
1509 2846 1601 2870 chiese
1616 2846 1685 2871 fatte
1700 2847 1735 2870 da
1749 2846 1856 2871 malata
1866 2854 1881 2871 a
1893 2846 2032 2872 Bondeno
2045 2847 2070 2871 sl
2083 2853 2210 2879 possono
2230 2870 2232 2873 ,
2244 2843 2249 2869 ἓ

1314 2888 1400 2912 veder
1414 2888 1556 2913 riassunte
1574 2889 1605 2912 in
1620 2887 1784 2913 Overmann
1799 2888 1851 2920 (op.
1866 2889 1919 2918 cit..
1927 2892 1977 2920 pp.
1997 2887 2092 2921 88-89)
2112 2886 2175 2913 eloe
2192 2895 2210 2913 a
2229 2900 2232 2906 =

1314 2930 1341 2955 S.
1361 2931 1484 2956 Miehele
1503 2932 1531 2956 di
1554 2932 1702 2960 Mantova,
1722 2940 1737 2956 a
1755 2931 1901 2963 Polirone,
1922 2939 1938 2956 a
1956 2931 1984 2956 S.
2003 2929 2131 2961 cesario.
2151 2931 2210 2956 ella

1314 2972 1406 2997 chiesa
1419 2973 1450 2997 di
1462 2973 1574 3002 Parma,
1585 2981 1600 2997 a
1613 2972 1731 2998 &Lucia
1743 2973 1771 2997 di
1785 2973 1933 2998 Pancisno
1943 2970 2079 3006 (Chiusi),
2092 2980 2107 2997 ι
2119 2971 2147 2997 S.
2158 2971 2208 2997 Nl·
2230 2987 2232 2990 -
2248 2989 2250 2991 ·

1312 3014 1378 3040 colo
1398 3013 1495 3048 (Pisa),
1516 3016 1589 3040 oltre
1608 3016 1676 3040 altri
1696 3017 1750 3040 atti
1771 3016 1801 3040 di
1821 3015 1940 3040 materia
1959 3015 2161 3040 ecclesiastica.
2246 3004 2251 3020 ²

1401 3065 1428 3082 v.
1448 3057 1526 3090 1487)
1545 3059 1609 3083 Non
1630 3059 1655 3083 sl
1673 3065 1835 3083 conoscono
1854 3057 1894 3090 gli
1915 3057 2003 3082 effetti
2021 3057 2050 3082 di
2065 3058 2164 3090 questa
2176 3056 2209 3082 ll·
