2288 3476
394 236 640 274 CARMINE
668 235 891 274 SCRIPTA
918 235 957 272 A
987 234 1262 272 DONIZONE
1290 233 1635 271 PRESBYTERO
1884 234 1931 270 49

487 359 526 392 In
550 358 706 392 manibus
729 369 874 403 quorum
897 358 1055 402 promisit
1076 358 1168 392 iussa
1189 358 1324 401 piorum

487 412 534 446 Se
557 423 621 456 pro
643 422 745 456 posse
767 412 866 456 sequi
890 421 1014 456 papae,
1037 411 1149 445 sancti
1172 421 1310 456 quoque
1334 410 1439 453 Petri,

486 465 685 499 Aecclesias
708 465 829 499 summi
852 465 991 499 Domini
1013 475 1082 498 non
1106 465 1258 498 vendere
1281 463 1439 497 nummis.

371 534 441 560 1240
484 519 668 553 Laetificat
691 519 794 553 valde
817 520 889 552 nati
911 519 1090 562 responsio
1113 525 1273 552 matrem:

485 573 636 607 Romam
659 584 815 618 regressa
838 583 951 616 papae
973 573 1091 606 retulit
1113 583 1204 606 nova
1224 577 1333 616 gesta.

487 627 584 670 Papa
607 627 680 660 Deo
704 627 841 660 laudem
863 627 944 660 tulit
967 627 1168 659 immensam
1192 636 1295 668 super
1318 626 1409 658 hanc
1433 635 1516 658 rem.

485 680 545 713 Ad
567 680 702 713 scelera
722 691 858 713 rursum
881 679 986 712 rediit
1009 690 1070 711 rex
1093 684 1172 722 post
1194 679 1371 711 modicum
1394 684 1494 716 tunc3

486 731 545 766 Ad
568 744 669 776 quem
693 733 898 766 mendacem
922 732 1048 765 direxit
1071 733 1186 765 denuo
1209 738 1377 765 matrem:

372 800 439 827 ¹²4⁵
487 786 540 818 De
562 796 672 829 prope
696 792 776 829 post
797 786 908 828 ipsam
932 785 997 818 sibi
1019 785 1206 819 transmisit
1230 794 1293 817 sua
1316 785 1463 828 scripta3

488 839 559 878 Qui
582 839 694 872 doluit
716 839 868 878 tandem,
892 838 1064 882 matrique
1089 838 1278 881 spopondit
1301 845 1338 870 ut
1363 844 1454 870 ante.

487 891 647 926 Credidit
669 893 737 925 hoc
759 892 872 925 statim
895 892 1047 936 genitrix
1070 892 1164 934 quod
1188 901 1251 924 rex
1273 891 1456 930 simulavit,

484 946 585 985 Quae
607 946 711 978 rediit
732 946 893 985 Romam,
916 956 1042 988 papam
1065 952 1267 979 reverenter
1290 946 1473 978 honorans.

485 999 568 1032 Post
589 999 676 1032 haec
699 1000 745 1032 ad
766 1009 885 1042 regem
909 999 964 1032 bis
986 998 1126 1041 scripsit
1148 1009 1240 1041 papa
1263 999 1443 1040 decenter,

370 1066 440 1093 1250
486 1050 585 1090 Quos
607 1052 725 1095 apices
748 1062 867 1086 sacros
891 1052 1000 1085 tenuit
1022 1062 1085 1084 rex
1108 1052 1256 1084 maxime
1282 1062 1391 1084 caros.

575 1105 691 1145 Quem
714 1111 797 1139 tunc
822 1105 978 1139 Saxones
999 1115 1116 1150 regem
1140 1114 1301 1148 sprevere
1325 1104 1491 1145 feroces‚'

484 1159 622 1193 Proelia
645 1159 703 1203 qui
725 1169 843 1192 secum
865 1165 1020 1192 statuunt
1042 1159 1259 1191 committere
1283 1159 1438 1191 demum:
2022 1169 2042 1187 e.
2057 1169 2107 1189 ην

484 1213 592 1253 Quod
614 1222 677 1246 rex
700 1213 831 1256 absque
855 1223 953 1246 mora
975 1222 1087 1256 papae
1111 1212 1299 1251 mandavit,
1322 1212 1473 1245 adorans

484 1265 601 1310 Atque
625 1272 748 1309 petens
770 1266 884 1309 ipsum
907 1276 970 1309 pro
994 1277 1031 1299 se
1055 1271 1156 1310 roget
1178 1271 1217 1297 ut
1241 1265 1456 1298 crucifixum.

372 1331 441 1361 1²55
487 1318 612 1353 Pastor
634 1319 819 1353 confestim
842 1319 1020 1353 Saxonum
1041 1319 1178 1352 mittere
1202 1318 1297 1362 genti

485 1372 640 1412 curavit,
662 1373 765 1416 plane
788 1383 912 1415 pacem
936 1373 1080 1415 cupiens
1103 1382 1285 1405 revocare.

485 1427 570 1460 Inde
591 1437 671 1459 suus
693 1427 815 1459 missus
838 1426 954 1460 donec
977 1425 1110 1466 redeat,
1133 1425 1230 1458 iubet
1253 1425 1366 1468 ipsum

487 1480 621 1523 Regem
643 1480 740 1513 nullo
762 1479 867 1512 modo
889 1489 994 1522 super
1015 1479 1109 1522 ipsos
1132 1489 1296 1523 pergere;
1321 1479 1417 1522 quod
1441 1488 1512 1511 non

487 1532 566 1567 Rex
590 1533 801 1576 expectavit,
824 1532 981 1578 galeatus
1004 1533 1087 1577 quin
1110 1532 1278 1576 equitavit

375 1595 444 1620 1260
488 1586 618 1620 Contra
641 1586 798 1620 Saxones
821 1587 882 1630 qui
905 1588 1016 1620 fortes
1037 1592 1117 1619 sunt
1140 1592 1175 1619 et
1198 1592 1343 1619 atroces.

486 1641 659 1674 Peccator
681 1639 847 1683 quamvis,
870 1641 1024 1683 pmdens
1047 1646 1164 1673 tamen
1188 1640 1245 1673 hie
1269 1645 1343 1673 erat
1365 1640 1486 1678 armis;

486 1694 676 1728 Commisso
699 1694 804 1732 bello,
827 1694 941 1727 victor
963 1705 1025 1727 rex
1048 1694 1163 1727 extitit
1187 1703 1281 1738 ergo,

485 1747 590 1781 Unde
613 1747 783 1790 superbus
805 1747 915 1787 adest,
938 1758 1064 1791 papam
1088 1748 1248 1790 despexit
1270 1752 1308 1780 ut
1331 1756 1465 1786 amens;

486 1801 611 1835 Omnia
634 1812 723 1845 quae
746 1811 861 1844 papae
882 1801 1053 1844 matrique
1075 1801 1310 1844 spoponderat
1332 1806 1425 1839 ante,
1991 1806 2066 1831 Mun..
2083 1807 2121 1832 ³⁶³

373 1862 440 1895 1²65
487 1855 607 1898 Fregit
630 1861 664 1888 et
685 1854 821 1892 invasit,
844 1853 1054 1887 simoniacos
1077 1854 1268 1887 revocavit.

483 1907 648 1941 Afficitur
669 1907 771 1940 valde
794 1906 847 1940 vir
870 1907 1081 1950 apostolicus
1102 1917 1205 1950 super
1227 1908 1317 1940 hanc
1340 1918 1430 1946 rem3

485 1961 622 1995 Accitis
643 1961 765 2000 missis,
788 1960 904 1993 multis
927 1960 994 1994 hoc
1017 1960 1102 1994 ilico
1125 1961 1277 2004 scripsit,

485 2014 601 2059 Atque
625 2013 777 2047 Beatrici
799 2014 968 2052 dominae,
992 2014 1150 2057 prolique
1174 2013 1350 2053 Mathildi,

486 2068 587 2108 Quae
611 2069 775 2102 domnum
798 2078 925 2111 papam
948 2068 1135 2112 flagranter
1157 2078 1294 2112 semper
1318 2068 1490 2109 amabant,

372 2136 441 2163 1270
485 2122 670 2156 Perfidiam
694 2121 785 2166 regis
808 2120 1026 2154 detestavere
1049 2121 1237 2155 tumentis.'

486 2175 613 2209 Acrius
635 2175 681 2209 ad
702 2185 823 2220 regem
846 2174 986 2218 scripsit
1006 2181 1126 2218 pastor
1148 2185 1258 2214 sacer,
1283 2182 1318 2209 et
1340 2186 1377 2208 se
2025 2188 2045 2203 c·
2060 2188 2109 2207 ur

177 2320 205 2337 v.
222 2312 300 2345 1²41)
318 2302 432 2345 Agnese
450 2310 537 2336 torno
556 2317 573 2335 s.
590 2310 683 2335 Roma
703 2310 749 2335 nel
766 2316 843 2343 1075.
1127 2320 1155 2337 v.
1173 2310 1250 2345 1268)
1270 2312 1334 2337 Una
1353 2313 1455 2337 lettera
1476 2320 1491 2337 a
1511 2312 1639 2336 Beatrice
1658 2319 1672 2336 e
1692 2311 1820 2340 Matihie,
1845 2310 1875 2335 dl
1897 2311 1936 2335 la·

69 2386 74 2388 Π
176 2361 224 2380 vv.
243 2352 371 2386 1243·44)
387 2354 435 2378 Ad
457 2354 561 2378 scelera
578 2352 665 2377 rediit
681 2360 742 2378 ram
765 2353 795 2377 ln
821 2351 911 2377 realta
935 2359 986 2386 per
1039 2360 1153 2386 gnanza
1172 2361 1226 2388 per.
1241 2354 1262 2378 il
1282 2356 1426 2387 eontegno
1445 2354 1474 2379 di
1501 2354 1618 2385 Exn-leo,
1636 2352 1651 2379 ὲ
1676 2353 1771 2386 quella
1797 2360 1881 2386 sopra
1900 2354 1936 2377 ri·
1966 2358 2000 2376 20

63 2395 69 2410 ⁷
89 2398 165 2422 tutto
183 2396 207 2422 11
229 2402 297 2428 1074
315 2403 331 2421 e
349 2397 430 2429 parte
448 2395 494 2420 del
516 2401 591 2427 1075,
613 2395 642 2420 su
655 2395 800 2427 pluttosto
818 2394 842 2419 il
855 2395 934 2420 clero
946 2396 987 2420 te·
1040 2397 1166 2422 cordata.

78 2438 173 2464 >demo
191 2445 209 2463 a
227 2439 343 2472 opporsl
363 2438 422 2463 alla
446 2437 574 2469 riforma,
593 2445 608 2462 e
626 2436 684 2462 alla
703 2438 919 2462 convocazione
939 2436 985 2461 del
1129 2447 1156 2464 v.
1175 2437 1252 2471 1271)
1271 2438 1313 2464 La
1331 2439 1433 2464 lettera
1452 2446 1469 2464 a
1488 2439 1535 2464 cul
1554 2439 1603 2471 qui
1616 2439 1642 2463 sl
1655 2438 1752 2463 allude
1765 2438 1852 2467 (forse
1867 2438 1938 2462 nota

90 2480 232 2506 Concilio.
268 2481 333 2506 Non
352 2479 367 2506 ὲ
386 2481 478 2505 esatto
498 2480 548 2505 che
568 2481 680 2512 Agnese
700 2480 776 2504 fosse
789 2480 924 2504 mandata
938 2478 986 2504 dal
1041 2489 1057 2506 a
1075 2479 1123 2513 D.)
1147 2479 1162 2506 ὲ
1187 2481 1282 2513 quella
1307 2481 1392 2506 de11’8
1417 2481 1558 2506 dicembre
1586 2487 1652 2514 1075
1678 2482 1706 2505 di
1733 2479 1875 2513 Gregorio
1902 2480 1938 2504 ad

69 2552 71 2556 ,
89 2530 163 2557 papa
181 2530 239 2549 una
256 2523 378 2548 secunda
396 2522 478 2547 volta
498 2523 527 2547 in
541 2520 695 2547 Ger-manle
708 2522 787 2551 alre,
801 2529 815 2546 e
828 2523 986 2556 ripertasse
1040 2523 1147 2548 Enrico
1167 2523 1253 2557 (Reg.
1279 2524 1374 2556 Greg..
1394 2524 1443 2555 111,
1465 2526 1507 2555 10)
1528 2525 1557 2548 in
1578 2525 1623 2548 cui
1643 2523 1684 2556 gli
1706 2524 1883 2556 rimprovera
1897 2530 1937 2547 se.

66 2583 68 2587 ·
89 2573 147 2591 una
165 2565 288 2591 seconda
307 2572 452 2598 promessa
471 2565 517 2590 del
536 2571 574 2589 re.
1040 2567 1202 2590 veramente
1221 2564 1249 2589 la
1261 2572 1312 2590 sua
1327 2566 1468 2590 condotta
1488 2572 1572 2590 verso
1587 2566 1614 2590 la
1629 2564 1740 2594 chiesa,
1754 2565 1780 2589 le
1794 2571 1938 2597 promesse
1966 2570 1998 2597 25

68 2638 70 2643 ,
159 2616 188 2633 v.
207 2605 293 2640 1255)
312 2608 352 2632 La
374 2607 482 2632 rivolta
502 2613 618 2632 sassone
640 2606 666 2631 si.
689 2603 783 2631 inizio
809 2606 855 2631 nel
882 2611 948 2638 1073
972 2613 987 2631 e
1041 2607 1159 2635 violate.
1178 2615 1192 2632 e
1212 2608 1464 2640 partIcolarmente
1483 2608 1509 2632 le
1524 2608 1641 2632 nomine
1655 2607 1710 2631 alle
1724 2606 1784 2631 sedi
1798 2605 1937 2631 vescovili

62 2672 65 2674 .
90 2647 231 2682 Gregorio
251 2657 310 2674 non
330 2649 361 2674 vi
379 2650 404 2673 si
424 2646 550 2673 meseolo
570 2648 685 2673 affatto:
711 2648 774 2673 solo
800 2648 822 2672 il
842 2649 986 2680 contegno
1041 2650 1070 2674 di
1090 2650 1213 2680 Mllano,
1231 2649 1350 2683 Spoleto
1370 2657 1384 2674 e
1403 2649 1512 2675 Fermo.
1545 2649 1888 2682 Contemporaneamente
1903 2649 1938 2672 ri—

63 2693 66 2695 *
90 2691 120 2716 «n
132 2691 238 2716 Enrico
251 2689 395 2716 comineio
408 2697 425 2715 a
439 2691 548 2715 mutare
560 2689 638 2723 dopo
652 2690 680 2714 la
694 2689 814 2714 vittoria
828 2689 987 2723 (Homburg
1041 2693 1181 2717 mandava
1199 2692 1235 2716 ad
1254 2691 1362 2716 Enrlco
1382 2693 1391 2716 i
1413 2693 1475 2717 suoi
1496 2694 1590 2721 messi,
1608 2691 1724 2724 Rapoto
1744 2691 1772 2715 di
1793 2690 1939 2723 Vohburg,

65 2732 107 2762 ’,,8
124 2736 233 2768 glugno
255 2732 349 2766 1074)3
369 2740 437 2767 pure
456 2740 543 2758 ancor
562 2740 611 2766 per
629 2734 706 2758 tutto
727 2733 749 2757 il
771 2738 837 2764 1075
857 2734 881 2757 si
909 2732 987 2757 svol·
1041 2734 1199 2759 Adalberto
1228 2741 1242 2758 e
1269 2734 1414 2759 Udaskalk
1437 2741 1492 2758 con
1519 2734 1750 2758 comunicazioni
1777 2733 1860 2758 orali.
1897 2732 1938 2757 La

68 2775 69 2778 ’
90 2783 152 2802 tero
170 2777 319 2802 trattative
338 2778 447 2809 segrete
467 2783 482 2800 a
501 2775 548 2800 cul
572 2781 661 2800 erano
687 2775 839 2800 mescolate
857 2774 988 2799 Beatrlce
1042 2776 1144 2801 lettera
1163 2783 1222 2800 non
1243 2776 1375 2801 contiene
1394 2776 1492 2800 affatto
1513 2776 1539 2800 le
1562 2776 1662 2808 parole
1687 2775 1717 2799 di
1742 2775 1882 2799 minaccia
1909 2775 1937 2799 di
1966 2780 2000 2806 30

66 2820 70 2824 ”
90 2825 107 2843 e
123 2819 252 2848 Matllde,
271 2817 372 2852 perche
391 2818 414 2844 il
433 2825 462 2843 re
480 2818 631 2843 affermava
652 2819 681 2842 in
696 2818 799 2843 lettera
813 2820 927 2851 portata
940 2817 986 2842 dai
1042 2818 1087 2843 cui
1107 2819 1130 2842 si
1150 2819 1235 2850 lagns
1255 2817 1360 2843 Enrico
1380 2818 1456 2842 nella
1477 2825 1526 2843 sua
1545 2819 1647 2842 lettera
1665 2825 1683 2843 a
1702 2816 1842 2849 Gregorio
1862 2817 1939 2849 dopo

60 2870 76 2898 '-,
89 2860 178 2894 legati
198 2861 230 2886 ln
249 2863 349 2894 agosto
371 2860 456 2886 “Hoc
475 2862 578 2891 autem,
602 2859 680 2892 quod
705 2860 819 2891 mando,
845 2860 987 2884 neminem
1042 2860 1064 2885 il
1084 2860 1283 2885 conciliabolo
1303 2860 1332 2884 di
1353 2860 1465 2884 Worms
1487 2860 1586 2891 “quod
1607 2861 1655 2884 aut
1674 2861 1706 2884 tu
1726 2859 1876 2884 morereris
1889 2860 1939 2883 aut

87 2902 107 2918 '⁴'
116 2904 189 2929 scite
213 2904 283 2929 volo
308 2905 402 2937 preter
426 2911 487 2933 vos,
514 2903 660 2928 dominam
690 2904 863 2935 matremque
887 2909 987 2931 meam,
1044 2902 1057 2916 “
1069 2902 1155 2927 michi
1169 2903 1294 2927 animam
1307 2909 1480 2935 regnumque
1493 2901 1608 2926 tolleres
1620 2910 1649 2934 „2
1663 2909 1722 2926 esse
1736 2902 1885 2926 dovettero
1899 2908 1939 2926 es-

20 2958 22 2962 ·
93 2945 108 2960 ¹¹
118 2947 202 2979 atque
221 2947 337 2972 amitam
355 2947 513 2972 Beati-leem
539 2947 567 2971 et
591 2945 680 2970 filiam
706 2946 767 2970 eius
790 2944 986 2976 Mathlldam„
1042 2951 1101 2969 sere
1112 2945 1233 2973 riferite,
1244 2946 1322 2969 certo
1332 2946 1486 2976 osagen-ate,
1497 2944 1545 2969 dai
1555 2944 1642 2976 legati
1655 2944 1707 2976 (M.
1725 2944 1755 2969 G.
1768 2945 1813 2975 H„
1826 2941 1936 2974 Const.‚

66 3015 67 3018 ,
85 2985 177 3021 (ch.
203 2987 296 3021 Greg„
320 2987 368 3019 111,
394 2995 419 3021 5,
444 2987 547 3013 letters
571 2987 671 3012 deu'u
699 2987 851 3012 settembre
879 2991 944 3019 1075
972 2992 989 3010 a
1041 2986 1064 3016 1,
1085 2987 1154 3019 ¹09)·
1190 2985 1312 3010 L’unico
1331 2993 1456 3011 accenno
1476 2986 1552 3011 della
1576 2986 1677 3011 lettera
1703 2986 1753 3011 che
1772 2983 1829 3019 pub
1848 2993 1938 3010 essere
1966 2992 1998 3019 35

61 3034 64 3068 J
92 3029 240 3063 Beatrlee).
1042 3029 1136 3053 inteso
1156 3035 1234 3053 come
1254 3035 1311 3053 una
1330 3028 1449 3053 lontana
1468 3029 1616 3057 minaccia,
1634 3026 1741 3053 benche
1760 3035 1817 3053 non
1837 3028 1867 3053 lo
1886 3028 1938 3057 sia,

226 3144 498 3178 T.V‚p.11—4.
