2288 3476
183 1167 257 1190 MUR..
273 1172 310 1191 ³5²

689 369 739 397 755

687 631 741 663 760

684 898 735 931 765

687 1173 740 1199 77ο

685 1441 736 1467 775

679 1702 732 1734 780

681 1971 732 2004 ⁷85

684 2244 738 2270 790

381 2560 468 2577 scuno
488 2553 643 2578 Bonifacio
664 2561 679 2577 a
697 2560 735 2577 un
762 2560 826 2577 eroe
845 2552 968 2581 biblico;
995 2552 1180 2584 intelligente
1200 2561 1277 2577 come

381 2595 511 2625 Daniele,
524 2596 602 2620 bello
615 2603 630 2620 e
643 2596 787 2628 provvldo
801 2603 881 2620 come
895 2595 1047 2628 Giuseppc.
1062 2596 1121 2620 alto
1136 2603 1150 2620 e
1164 2596 1278 2620 valoro-

1092 181 1218 218 VITA
1249 181 1544 218 MATHILDIS

875 304 965 336 Dum
988 314 1075 346 puer
1097 304 1173 346 ipse
1197 304 1274 342 fuit,
1298 304 1440 347 ingenio
1465 304 1585 348 viguit.

787 357 937 389 Pulcher
961 363 995 389 et
1019 357 1180 400 egregius
1203 358 1380 399 speciosus
1403 363 1547 401 eratque
1570 359 1730 398 decorus,

874 410 1053 448 Providus,
1077 415 1114 442 ut
1137 410 1263 452 Ioseph
1286 410 1433 452 pulcher
1455 416 1488 443 et
1511 411 1682 455 egregius.

784 463 911 496 Factus
934 468 971 495 ut
995 469 1046 495 est
1070 463 1205 496 iuvenis
1229 463 1351 495 meruit
1374 464 1634 508 statu[r]amque
1657 465 1780 506 Saulis,

872 517 1043 558 Prospere
1067 523 1193 549 cuncta
1216 517 1315 560 regit,
1339 518 1453 550 factus
1477 524 1514 551 ut
1537 525 1589 551 est
1611 519 1755 553 iuvenis.

785 571 824 603 In
849 570 968 603 cuneis
992 570 1150 614 equitans
1174 571 1318 603 humero
1342 571 1424 604 Saul
1448 572 1576 605 eminet
1598 572 1693 615 ipsis,

874 624 942 656 Hic
967 633 1107 666 quoque
1130 624 1240 656 maior
1264 630 1349 664 erat,
1372 624 1407 656 in
1433 625 1552 658 cuneis
1575 627 1743 669 equitans.

783 677 926 710 Viribus
949 687 1031 710 acer
1054 683 1139 717 erat,
1163 677 1289 710 Goliae
1310 678 1406 711 velut
1427 678 1488 710 ille
1510 686 1712 722 peremptor

873 730 944 769 Qui
966 730 1077 770 labiis,
1100 730 1268 770 manibus,
1292 731 1424 764 viribus
1446 743 1529 765 acer
1553 739 1636 766 erat.

783 784 988 816 Innumeras
1012 784 1131 818 habuit
1155 785 1321 827 sapientis
1346 795 1431 827 opes
1454 785 1660 826 Salomonis,

872 837 962 870 Nam
988 838 1106 871 mundi
1130 849 1274 881 pompas
1297 839 1497 872 innumeras
1520 839 1651 874 habuit.

782 891 856 924 Res
880 891 944 924 sibi
967 892 1062 925 nulla
1086 892 1182 925 deest
1205 898 1329 931 terrae,
1353 893 1518 936 pontique
1542 893 1714 938 polique;'

875 943 920 977 Se
945 945 1121 988 sapienter
1144 956 1251 989 agens
1275 957 1331 978 res
1354 946 1419 979 sibi
1443 947 1538 979 nulla
1561 947 1669 981 deest.

784 998 919 1032 Nobilis
943 998 1000 1031 hic
1024 999 1148 1032 didicit
1170 999 1250 1042 plus
1272 1000 1406 1032 cunctis
1430 1001 1571 1042 dapsilis
1596 1012 1692 1040 esse3

870 1052 1007 1096 Largiri
1032 1053 1147 1086 valide
1171 1053 1296 1086 nobilis
1319 1054 1378 1087 hic
1401 1054 1535 1087 didicit.

781 1105 902 1139 Prisca
925 1105 1048 1139 Sibilla
1071 1107 1164 1139 canit
1187 1118 1302 1150 quem,
1326 1107 1382 1140 cui
1406 1108 1511 1140 modo
1535 1109 1671 1142 credite
1695 1111 1825 1149 cuncti,

875 1159 1000 1193 Scribo
1023 1161 1117 1203 quod
1141 1171 1185 1193 ex
1208 1161 1273 1193 isto
1296 1161 1412 1204 prisca
1437 1161 1560 1195 Sibilla
1584 1164 1688 1197 canit·

778 1214 863 1246 Esse
887 1214 926 1246 B.
950 1214 1160 1257 principium
1184 1214 1283 1247 ducis
1306 1215 1380 1247 infit
1402 1216 1552 1248 nominis
1575 1216 1674 1249 huius

868 1267 949 1300 Non
971 1267 1105 1300 ratione
1129 1273 1238 1307 caret,
1262 1278 1337 1300 esse
1361 1267 1401 1300 B.
1425 1269 1646 1312 principium.

780 1319 960 1363 Limpidus
983 1325 1088 1363 atque
1112 1320 1222 1353 bonus
1246 1321 1338 1353 facie
1363 1321 1575 1355 Bonefacius
1599 1329 1704 1363 extat,

865 1373 1013 1406 Actibus
1037 1380 1071 1406 et
1094 1374 1197 1406 dictis
1220 1374 1386 1417 limpidus
1409 1381 1513 1418 atque
1537 1376 1658 1410 bonus.

785 1427 870 1459 Esse
892 1427 1081 1470 prophetat
1105 1438 1181 1460 eum
1206 1427 1426 1470 locupletem,
1449 1428 1715 1473 pacificumque,

868 1480 1046 1513 Victorem
1071 1480 1196 1525 iugiter
1219 1492 1294 1514 esse
1317 1482 1505 1525 prophetat
1527 1493 1617 1516 eum.

783 1533 885 1573 Quae
908 1534 1031 1567 mulier
1055 1534 1187 1568 cecinit
1210 1535 1254 1568 de
1278 1542 1314 1569 te
1338 1536 1429 1569 bone
1453 1537 1525 1569 dux
1547 1537 1708 1577 habuisti,

873 1587 963 1620 Vera
986 1587 1093 1620 fuisse
1116 1598 1195 1621 reor
1219 1599 1308 1631 quae
1332 1588 1456 1622 mulier
1480 1589 1619 1623 cecinit.

780 1641 891 1674 Multa
913 1642 1030 1674 locuta
1054 1642 1120 1674 fuit
1144 1643 1189 1675 de
1213 1642 1352 1675 Christo
1376 1642 1593 1686 iudicioque,

867 1694 1023 1737 Fineque
1049 1695 1093 1727 de
1118 1695 1238 1728 mundi
1262 1695 1369 1728 multa
1393 1696 1510 1728 locuta
1533 1697 1612 1730 fuit.

779 1748 905 1782 Nobile
930 1748 1131 1792 coniugium
1154 1749 1275 1782 tribuit
1298 1750 1384 1782 deus
1408 1756 1443 1783 et
1466 1750 1531 1782 tibi
1556 1752 1709 1795 dignum,

864 1802 995 1846 Magna
1018 1802 1159 1836 Beatrix
1183 1809 1236 1836 est
1259 1803 1375 1837 nobile
1401 1804 1609 1848 coniugium.

776 1856 892 1899 Stirpe
915 1856 982 1889 fuit
1004 1857 1123 1901 genita
1145 1857 1255 1900 regali
1277 1857 1426 1900 pulchra
1449 1858 1603 1899 Beatrix‚

866 1910 1039 1943 Maiorum
1062 1910 1179 1943 mundi
1204 1911 1313 1953 stirpe
1337 1910 1403 1944 fuit
1425 1912 1570 1955 genita.'

780 1963 967 2006 splenduit
988 1965 1064 2007 ipsa
1086 1963 1172 1996 Liae
1195 1964 1319 2006 procul
1344 1970 1379 1998 et
1402 1965 1572 1998 Rachelis
1596 1967 1739 2007 honore,

866 2017 916 2050 Ut
938 2017 1078 2059 sapiens
1101 2017 1210 2050 Saraa
1222 2018 1259 2059 (l)
1284 2018 1459 2060 splenduit
1482 2019 1555 2061 ipsa
1572 2021 1704 2062 procul.

777 2070 857 2104 Una
880 2071 990 2114 figura
1013 2070 1213 2104 Beatricem
1237 2070 1468 2105 Bonefacium
1492 2073 1560 2112 dat,

866 2123 1058 2157 Amborum
1082 2134 1209 2157 nomen
1232 2135 1300 2157 una
1323 2124 1433 2169 figura
1457 2124 1485 2156 B
1510 2126 1577 2159 dat.

779 2177 867 2211 Sunt
890 2177 1044 2210 bonitate
1067 2188 1180 2220 pares,
1203 2177 1399 2211 similantur
1422 2179 1613 2218 nobilitate,

870 2231 1093 2264 Conveniunt
1115 2231 1215 2269 bene,
1240 2231 1298 2275 qui
1322 2238 1401 2265 sunt
1423 2233 1579 2266 bonitate
1602 2245 1714 2277 pares,

777 2284 921 2317 Prebuit
944 2284 1044 2317 Italia
1066 2284 1296 2318 Bonefacium
1319 2296 1538 2330 generosum,

865 2337 982 2381 Atque
1006 2337 1204 2370 Beatricem
1229 2337 1343 2371 Gallia
1365 2339 1436 2371 fert
1460 2340 1564 2372 Italis.

778 2391 869 2424 Huic
893 2390 999 2423 veluti
1022 2391 1152 2424 mundo
1176 2390 1224 2423 sic
1249 2391 1348 2423 ambo
1372 2391 1519 2425 beentur
1542 2392 1695 2436 Olimpo,

866 2443 980 2476 Ambo
1003 2444 1084 2486 polo
1107 2444 1251 2477 rutilent
1272 2444 1354 2476 huic
1376 2445 1484 2478 veluti
1508 2447 1652 2479 mundo.

1423 2563 1449 2578 v.
1471 2553 1529 2588 783)
1550 2556 1664 2588 Regali.
1703 2557 1726 2580 11
1749 2564 1848 2581 nonno
1862 2558 1891 2582 di
1905 2558 2041 2588 Beati-icc,
2060 2557 2228 2591 Teoderico,
2245 2560 2253 2590 ζ

1333 2603 1379 2619 era
1399 2598 1468 2621 nato
1488 2597 1523 2621 da
1550 2597 1677 2622 Beatrice
1703 2599 1806 2623 sorella
1832 2599 1861 2623 dl
1883 2598 1946 2632 Ugo
1973 2599 2090 2633 Capeto,
2112 2600 2163 2625 che
2180 2607 2228 2625 era
2247 2608 2253 2613 “

380 2645 412 2662 so
432 2646 508 2662 come
522 2637 599 2669 Saul,
613 2638 687 2662 forte
706 2645 785 2662 come
797 2637 919 2666 Davide,
933 2639 1010 2662 ricco
1024 2645 1102 2662 come
1115 2637 1275 2663 Salomone.

468 2687 494 2704 v.
515 2677 578 2711 757)
597 2679 649 2704 Per
674 2681 782 2712 quanto
803 2681 833 2704 in
869 2680 892 2704 V
905 2681 929 2704 si
949 2680 1031 2712 legga
1055 2683 1232 2712 statuamque,
1252 2681 1275 2705 il

338 2726 352 2753 5
378 2729 461 2746 senso
480 2729 495 2746 e
514 2722 542 2746 la
564 2722 639 2747 srase
664 2724 753 2747 stessa
773 2722 817 2746 del
843 2722 934 2747 titolo
961 2722 1006 2746 del
1033 2721 1162 2754 capitolo
1187 2721 1275 2755 (cuius

377 2763 510 2796 staturae)
529 2765 696 2789 assicurano
715 2764 766 2789 che
785 2765 808 2789 si
830 2764 899 2789 deve
918 2764 1030 2797 leggere
1049 2769 1238 2797 naturamque.

466 2816 492 2831 v,
514 2806 571 2839 7⁶7)
590 2807 715 2838 dapsilis,
734 2814 883 2840 generoso.

468 2857 494 2873 v.
513 2849 572 2881 769)
592 2849 658 2874 Non
679 2848 693 2874 'e
713 2849 812 2874 chiaro
831 2856 848 2873 a
873 2849 951 2881 quall
972 2851 1046 2874 versi
1073 2850 1149 2875 della
1169 2850 1273 2874 Sibilla

380 2889 477 2914 alluda
490 2890 535 2920 D..
550 2891 624 2915 forse
636 2898 708 2916 sono
727 2891 769 2923 gli
789 2891 871 2916 stessi
884 2892 935 2916 che
954 2890 1089 2916 Goffredo
1103 2892 1132 2916 di
1152 2892 1272 2916 Viterbo

323 2938 355 2956 10
381 2930 432 2955 uso
451 2932 497 2956 nel
515 2931 664 2957 Pantheon
684 2933 736 2965 (M.
763 2933 792 2958 G.
810 2934 856 2963 H.‚
874 2933 1038 2964 Scriptores,
1057 2933 1145 2963 xxn,
1168 2934 1238 2967 145).

468 2982 495 2998 v.
515 2972 571 3007 771)
590 2974 658 3007 infit.
679 2976 821 3000 comincia
841 2984 856 3000 a
876 2976 945 3000 dire.

1331 2639 1397 2662 nata
1417 2639 1452 2663 da
1471 2639 1612 2664 Hadwidn
1633 2640 1711 2671 figlia
1732 2641 1760 2665 dl
1781 2641 1886 2666 Enrico
1905 2641 1918 2666 I
1936 2642 1966 2666 dl
1986 2641 2139 2668 Germania
2157 2619 2265 2701 ego-1³.

1329 2680 1400 2704 rella
1420 2681 1449 2704 di
1469 2679 1577 2705 Ottone
1596 2681 1617 2705 I.
1655 2680 1724 2707 Cosl
1746 2682 1767 2706 il
1788 2681 1907 2707 Leibniz
1926 2683 1976 2707 che
1990 2685 2047 2709 cita
2065 2683 2089 2708 il
2108 2683 2226 2709 Fioren-
2255 2695 2266 2701 =⁷

1331 2722 1397 2746 tini.
2242 2750 2254 2765 ſs

1418 2773 1463 2789 vv.
1485 2766 1547 2796 785-
1551 2765 1609 2798 786)
1630 2766 1682 2791 Lia
1702 2774 1716 2791 e
1730 2766 1852 2792 Rachele
1866 2775 1953 2792 erano
1967 2767 1990 2792 il
2005 2767 2135 2793 simbolo
2148 2769 2226 2794 della
2242 2765 2254 2802 {i

1329 2807 1388 2831 vita
1409 2809 1500 2831 attiva
1519 2815 1533 2832 e
1553 2809 1788 2842 contemplativa,
1808 2809 1877 2835 Sara
1895 2810 1970 2834 della
1990 2817 2135 2843 saggezza.

1417 2858 1463 2873 vv.
1485 2851 1542 2880 787-
1544 2850 1590 2882 88)
1601 2852 1711 2883 figura,
1731 2851 1846 2880 lettera
1866 2851 1903 2876 cf.
1923 2852 1954 2876 L.
1973 2851 2009 2883 11,
2028 2860 2055 2877 v.
2077 2858 2153 2885 137¹·

1416 2900 1442 2916 v.
1464 2890 1522 2925 792)
1542 2893 1646 2921 Gallim
1667 2893 1794 2918 Beatrice
1813 2901 1859 2918 era
1879 2894 1910 2918 di
1930 2894 2051 2919 Lorena.

1415 2943 1441 2959 v.
1463 2935 1523 2968 794)
1542 2934 1707 2967 Splendano
1735 2937 1762 2960 in
1783 2936 1858 2961 cielo
1882 2936 1982 2969 (polus)
2009 2943 2088 2962 come
2106 2934 2155 2970 gisl
2174 2937 2221 2961 nol
2241 2914 2268 3014 {3¹

1330 2977 1444 3001 mondo.
2241 2979 2245 2994 ’-
2266 2990 2268 3002 s
