2288 3476
224 393 299 418 Mum,
314 397 352 418 ⁴71

248 983 269 999 c.
283 981 330 1001 73¹1

225 1458 301 1482 Mum,
316 1462 355 1482 ⁴⁷²

354 2457 388 2475 10

356 2666 385 2692 Ῑ5

355 2875 389 2893 20

423 256 444 290 4
905 251 1218 288 LANDULPHI
1245 252 1315 287 DE
1343 251 1555 287 SANCTo
1583 251 1762 288 PAULO
1944 257 2028 292 [ΑΛ.
2049 231 2212 288 10⁹⁷-u'

419 386 589 419 occidere.
635 385 735 417 Hanc
750 382 934 416 insaniam'
949 383 1076 416 nobilis
1100 381 1293 415 Landulfus
1316 382 1448 423 vitavit,
1465 389 1498 415 et
1519 382 1735 417 descendens
1757 385 1980 418 secretarium
1994 385 2003 403 ¹
2027 385 2184 426 ecclesie,
2207 387 2219 403 ‘¹‘

420 439 646 472 domesticam
670 448 764 469 suam
788 436 981 474 ecclesiam,
999 447 1065 479 que
1082 436 1192 468 sancti
1215 435 1380 479 Johannis
1395 436 1441 469 ad
1457 435 1616 475 Quatuor
1639 437 1741 470 faties
1765 437 1892 471 dicitur
1903 437 1927 477 ¹,
1949 438 2154 482 pervenitA
2181 457 2205 468 ιι.

419 503 482 525 nus
506 498 616 524 autem
639 491 698 522 ille
716 490 751 521 in
767 495 862 522 tanta
885 489 1142 532 perturbatione
1157 489 1192 520 in
1209 489 1359 521 ecclesia
1381 489 1491 522 sancti
1514 490 1691 523 Ambrosii
1707 490 1753 523 ait
1777 491 1905 533 populo
1929 491 1994 524 sibi
2018 501 2192 537 congrega
2201 490 2218 518 ··“

422 544 529 577 Vobis
546 545 612 582 fiet,
629 549 732 586 prout
746 542 967 585 proverbium
983 542 1087 574 dicit:
1110 543 1124 559 ‘⁴
1137 541 1272 584 Populo
1288 542 1390 574 stulto
1406 542 1590 585 episcopus
1605 542 1724 576 lurdus
1736 567 1766 584 „.
1813 544 1892 577 Hoc
1907 544 2014 584 dicto,
2030 545 2144 578 statim
2161 555 2181 578 e
2217 543 2219 546 ’

420 597 494 641 git⁸
518 597 582 630 sibi
606 603 640 629 et
663 596 731 628 illis
753 597 789 628 in
816 595 1117 638 archiepiscopum
1150 593 1348 628 Anselmum
1379 596 1423 627 de
1455 594 1547 634 Buis,
1578 596 1749 628 hominem
1779 597 1981 640 simplicem,
2011 603 2045 631 et
2075 598 2210 632 canos-⁰

419 651 542 684 Sancti
564 649 743 682 Laurentii
770 648 991 691 prepositum.
1038 648 1104 680 Hic
1129 657 1222 687 vero,
1245 654 1283 682 ut
1306 649 1368 692 [se]
1391 649 1499 682 sensit
1529 649 1691 683 ellectum
1715 660 1734 682 a
1757 650 1921 683 Brisiensi
1951 650 2011 684 illo
2034 650 2186 686 Amano
2206 658 2207 662 ’

420 703 550 746 populo
565 704 757 745 impetuoso
782 702 1037 739 conlaudatum,
1053 702 1147 735 illico
1165 703 1366 735 cathedram
1390 703 1711 746 archiepiscopatus
1734 704 1891 736 ascendit
1905 710 1940 737 et
1955 705 2055 738 sedit.
2100 704 2146 738 Et
2168 720 2174 732 ·
2194 694 2212 750 3‘

419 756 590 788 cientibus
612 755 678 787 sibi
708 755 921 799 suffraganeis
952 755 1135 797 episcopis,
1160 765 1278 788 omnes
1308 755 1564 789 ecclesiasticos
1594 756 1735 789 ordines
1765 767 1872 799 usque
1897 757 1942 790 ad
1964 757 2158 800 presbitero,

418 809 668 843 ordinationem
693 819 829 853 quoque
853 808 1072 851 episcopatus
1096 808 1138 840 ab
1162 809 1334 840 extraneis
1364 809 1538 851 episcopis
1568 810 1731 852 suscepit.
1775 808 1883 854 Virge
1909 820 2047 854 quoque
2077 816 2178 854 pasto
2199 847 2201 850 ,

418 874 481 906 per
503 873 624 894 munus
646 862 850 895 Comitissae
881 861 1038 894 Matildis
1069 862 1204 894 adhesit
1212 875 1220 900 3
1243 861 1402 894 stollam⁴
1425 868 1549 903 autem,
1573 873 1637 904 per
1661 862 1809 907 legatum
1842 863 1972 896 domini
1994 863 2127 897 Urbani

418 915 483 948 sibi
505 915 666 953 delatam,
688 915 814 948 induit.
860 915 995 947 Deinde
1019 915 1121 947 homo
1145 915 1220 953 iste,
1243 915 1392 948 effectus
1414 916 1578 958 prudens,
1602 915 1755 959 neglexit
1778 916 1946 949 Obertnm
1968 917 2150 961 agnomine
2177 912 2219 956 {f

417 969 552 1007 tricum‚
576 969 634 1012 qui
649 975 793 1011 propter
814 967 1064 1000 investituram'
1087 968 1269 1001 Brisiensis
1284 968 1514 1011 episcopatus,
1539 979 1640 1012 quam
1657 980 1677 1001 a
1692 979 1776 1012 rege
1792 979 1853 1002 suo
1870 969 2021 1003 Henrico
2036 979 2134 1003 susce
2145 986 2153 998 ·
2167 988 2183 999 .‚
2210 977 2216 1007 ἶ

417 1022 572 1055 Armano
595 1022 829 1067 repugnabat;
854 1027 889 1054 et
911 1021 1112 1061 Armanum,
1135 1021 1194 1065 qui
1218 1032 1253 1054 se
1276 1022 1311 1054 in
1334 1022 1635 1065 archiepiscopum
1658 1022 1775 1065 elegit,
1797 1022 1833 1055 in
1857 1022 2059 1066 episcopum
2088 1023 2180 1056 Brisi
2189 1043 2203 1051 -›

417 1087 489 1109 sem
512 1075 694 1109 ordinavit.
740 1075 817 1108 Hoc
840 1074 975 1119 quidem
998 1075 1222 1117 providentia
1251 1075 1554 1118 archiepiscopum
1585 1076 1865 1109 antecedentium
1889 1076 1963 1117 sibi,
1986 1076 2151 1111 videlicet
2184 1090 2187 1094 ¹

416 1130 514 1162 selmi
538 1130 583 1162 de
605 1129 730 1162 Raude
745 1131 757 1150 ⁵
779 1134 813 1162 et
834 1127 970 1161 Arnulfi
993 1129 1037 1160 de
1060 1128 1167 1161 Porta
1190 1128 1374 1168 Orientali,
1397 1129 1518 1161 facere
1541 1129 1671 1162 vitavit.

505 1238 534 1269 3.
558 1254 600 1259 —
624 1234 746 1268 Cono‘
776 1245 914 1278 quoque
938 1245 1008 1273 rex,
1033 1235 1102 1278 qui,
1133 1235 1215 1268 dum
1245 1241 1345 1278 pater
1368 1235 1439 1268 eius
1469 1235 1643 1268 Henricus
1668 1236 1816 1275 viveret,
1839 1247 1903 1279 per
1936 1236 2213 1271 contractation

417 1289 574 1322 Matildis
596 1289 769 1322 comitisse
793 1294 828 1321 et
852 1288 997 1320 officium
1021 1289 1121 1333 hujus
1145 1288 1300 1321 Anselmi
1315 1289 1359 1321 de
1383 1289 1486 1322 Rode
1502 1289 1570 1322 fuit
1593 1295 1776 1322 coronatus
1799 1289 1981 1323 Modoetie
1998 1289 2083 1323 etin
2097 1289 2174 1324 eccl

418 1342 530 1375 sancti
553 1341 727 1375 Ambrosii
750 1342 860 1385 regali
883 1352 988 1380 more,
1012 1342 1056 1373 ad
1080 1342 1201 1374 horum
1225 1341 1439 1384 pontificum,
1462 1342 1596 1375 scilicet
1618 1342 1775 1375 Anselmi
1792 1343 1836 1375 de
1853 1342 1936 1376 Buis
1951 1349 1987 1376 et
2008 1342 2152 1376 Armeni
2180 1348 2189 1372 ἓ
2221 1377 2225 1379 ,

417 1396 549 1436 siensis‚
572 1395 825 1428 ordinationem
850 1405 920 1426 non
935 1395 1099 1437 respexit.
1146 1395 1218 1428 Sed
1233 1405 1384 1438 regnans
1399 1395 1435 1427 in
1452 1395 1540 1438 loco,
1557 1396 1617 1438 qui
1634 1397 1767 1440 Burgus
1783 1396 1904 1430 Sancti
1927 1396 2091 1430 Domnini
2107 1397 2178 1430 dici
2203 1405 2231 1424 »θ

417 1449 506 1482 vidit
521 1449 748 1492 presbiterum
764 1448 990 1490 Liprandum,
1005 1454 1150 1490 propter
1165 1447 1359 1490 pattariam
1376 1459 1459 1481 naso
1476 1455 1510 1481 et
1526 1449 1665 1482 auribus
1681 1449 1903 1488 troncatum⁷‚
1920 1456 2058 1483 euntem
2075 1451 2120 1484 ad
2132 1450 2200 1484 Ur
2215 1450 2226 1458 “’
2270 1463 2273 1477 ³

417 1514 498 1536 num
513 1502 710 1546 pontificem
733 1502 941 1534 Romanum.
987 1501 1050 1533 Cui
1066 1501 1257 1543 presbitero
1273 1511 1335 1534 rex
1350 1501 1424 1544 ipse
1441 1512 1518 1534 cum
1537 1503 1718 1535 devotione
1734 1503 1863 1546 inquit:
1892 1505 1907 1521 ‘⁶
1919 1503 2007 1537 Cum
2023 1503 2070 1537 sis
2085 1503 2207 1549 magi·
2223 1495 2227 1499 ’

420 1556 694 1599 “patarinorum,
711 1555 794 1598 quid
810 1555 917 1587 sentis
933 1555 976 1588 de
992 1555 1212 1597 pontificibus
1229 1561 1263 1587 et
1278 1555 1515 1588 sacerdotibus
1530 1555 1629 1599 regia
1644 1557 1719 1588 iura
1741 1557 1996 1599 possidentibus
2013 1564 2048 1590 et
2062 1558 2136 1602 regi
2151 1557 2225 1591 nul

423 1610 612 1643 “alimenta
635 1607 932 1652 prestantibus?„.
979 1608 1024 1640 Et
1040 1608 1234 1650 presbiter
1225 1618 1300 1650 ipse
1316 1608 1446 1651 absque
1460 1608 1531 1641 ullo
1548 1619 1693 1642 rancore
1709 1609 1746 1642 in
1762 1609 1981 1653 beneplacito
1997 1610 2065 1644 Dei
2079 1617 2116 1645 et
2137 1610 2225 1654 ipsit:

418 1664 494 1707 regi
515 1662 702 1705 respondit.
746 1662 995 1694 Verumtamen
1020 1661 1127 1694 altera
1151 1661 1207 1694 die
1231 1662 1365 1694 faciens
1387 1662 1454 1694 iter
1468 1672 1563 1694 suum
1581 1672 1659 1694 cum
1682 1663 1875 1705 presbitero
1898 1663 2057 1697 Amaldo
2079 1664 2224 1708 magis·

417 1717 587 1750 scolarum
611 1715 874 1753 Mediolanensi,
892 1720 927 1747 et
943 1714 1022 1747 Siro
1038 1715 1222 1748 sacerdote
1246 1715 1395 1747 ecclesie
1411 1722 1529 1748 sancte
1546 1715 1658 1749 Marie
1674 1716 1808 1749 Podoni
1823 1716 1846 1755 ⁸,
1869 1722 1989 1760 captus
2005 1723 2057 1750 est
2072 1717 2118 1750 ab
2133 1718 2205 1750 ho..
2270 1738 2273 1752 ἰ

413 1770 513 1804 nibus
535 1769 731 1802 Parmensis
761 1768 928 1811 episcopi,
952 1769 1010 1811 qui
1034 1768 1213 1801 dicebatur
1245 1769 1408 1811 digerens
1430 1779 1568 1811 penam,
1591 1769 1635 1801 ad
1659 1769 1770 1802 locum
1794 1770 1853 1813 qui
1876 1770 2014 1804 dicitur.
2028 1794 2037 1804 .
2053 1795 2061 1804 .
2075 1783 2103 1810 ·;
2125 1769 2235 1816 1δίφί
2269 1778 2273 1796 ³

417 1835 480 1868 per
502 1824 631 1866 aliquot
647 1823 723 1855 dies
738 1828 890 1855 retentus
914 1828 949 1854 et
963 1822 1164 1864 expoliatus,
1181 1822 1264 1855 inde
1278 1822 1517 1855 Mediolanum
1533 1822 1647 1856 rediit.
1693 1823 1773 1856 Rex
1787 1834 1871 1856 vero
1889 1823 1975 1867 ipse,
1998 1830 2101 1867 prout
2116 1824 2211 1858 audi
2232 1826 2236 1849 1·

416 1876 645 1920 araptoribus
667 1875 736 1908 illis
760 1876 942 1908 emendam
958 1881 993 1908 et
1009 1875 1136 1907 mulum
1158 1875 1265 1918 ipsius
1286 1875 1475 1918 presbiteri
1500 1876 1652 1919 suscepit
1663 1875 1685 1909 ⁹.
1732 1877 1776 1909 Et
1798 1887 1880 1909 mox
1903 1877 1939 1909 in
1962 1877 2124 1911 Tusciam
2147 1889 2183 1911 a·
2234 1869 2238 1875 ’

503 2013 528 2032 2.
548 2004 643 2040 faties]
662 2005 683 2031 il
701 2006 754 2031 cod.
773 2005 815 2030 R:
835 2006 930 2030 facies.
965 2005 1004 2030 Lo
1022 2007 1100 2030 stesso
1124 2005 1177 2030 cod.
1203 2013 1282 2037 segna
1300 2008 1400 2038 sempre
1421 2005 1432 2030 i
1456 2006 1582 2038 dittonghi
1606 2013 1647 2036 ae,
1672 2006 1716 2031 che
1740 2006 1834 2038 turono
1857 2009 1923 2039 pure
1946 2007 2046 2039 segnati
2067 2006 2195 2033 nell'edi'
2201 2020 2205 2028 ι

415 2049 603 2075 Muratoriana
623 2063 653 2067 -
676 2056 716 2073 ιο.
735 2046 908 2081 comitissae]
927 2047 949 2073 il
965 2048 1021 2073 cod.
1039 2048 1074 2073 ha
1092 2048 1270 2078 Abbatissae
1288 2056 1333 2073 ma
1351 2047 1364 2073 ὲ
1387 2048 1587 2073 evidentemente
1611 2056 1650 2073 un
1667 2056 1749 2074 errore
1768 2049 1796 2074 di
1814 2049 1937 2074 scrittura
1955 2064 1989 2068 —
2009 2056 2050 2082 ²⁷-
2069 2049 2232 2084 aliquot]

415 2092 460 2123 H;
478 2093 599 2124 quatuor
617 2091 642 2116 R
659 2098 673 2116 e
691 2091 785 2123 SAss1;
803 2091 833 2115 N
850 2090 863 2115 ὲ
881 2090 978 2116 incerto
995 2092 1037 2115 tra
1055 2092 1176 2122 quatuor
1194 2097 1207 2115 e
1226 2093 1311 2122 quot,
1330 2090 1374 2115 nel
1392 2091 1489 2116 PER-rz
1506 2090 1520 2115 ὲ
1537 2090 1661 2123 preterita
1678 2091 1794 2116 l’ultima
1812 2099 1884 2122 vooe;
1903 2091 1965 2117 mll'
1967 2091 2108 2117 {vicariana
2124 2093 2206 2125 potr

416 2136 483 2160 sian
502 2133 582 2159 anche
600 2134 712 2166 aliquot

505 2235 516 2252 ¹
534 2234 607 2261 Cloe
624 2236 653 2261 la
672 2237 811 2260 sacristia.
1355 2235 1500 2261 Pontefiee
1521 2236 1551 2260 ai
1574 2237 1741 2270 patriarchi,
1765 2237 1823 2270 agli
1849 2238 2025 2262 areiveseovi
2050 2245 2066 2262 e
2090 2245 2107 2262 ι
2131 2244 2234 2263 vesco.-
2268 2249 2270 2251 v

503 2276 515 2294 ¹
532 2278 616 2303 Della
635 2278 728 2303 chiesa
747 2278 777 2302 di
796 2278 853 2303 San
867 2278 1014 2303 Giovanni
1029 2277 1085 2301 alle
1097 2275 1223 2305 Quattro
1236 2277 1304 2302 Fac·
1358 2278 1484 2303 distinti.

415 2329 455 2352 ce,
475 2322 531 2347 sita
551 2321 596 2345 nel
615 2321 757 2353 qusrtlere
770 2321 798 2345 di
813 2320 899 2345 Porta
914 2320 1077 2349 Comasina,
1091 2320 1173 2353 paria
1186 2328 1201 2344 a
1215 2320 1304 2353 lungo
1445 2318 1455 2335 ⁵
1473 2319 1612 2345 Anselmo
1630 2320 1671 2345 111
1690 2322 1725 2346 da
1745 2320 1808 2346 Rho
1828 2328 1874 2346 era
1895 2323 1971 2347 stato
1991 2323 2161 2350 conuento
2173 2329 2190 2347 a
2213 2317 2238 2342 κ’)

2267 2276 2272 2321 1

2268 2324 2270 2347 Ι

413 2363 561 2389 (ΞΛινΑΝο
580 2363 708 2388 anm
728 2363 804 2387 nella
823 2370 873 2388 sua
891 2362 1009 2387 Cromca
1030 2362 1180 2394 Maggi0n3
1201 2362 1302 2387 vedlne
1359 2369 1481 2387 vescovo
1502 2362 1523 2386 il
1545 2369 1557 2387 1
1578 2362 1670 2395 luglio
1692 2362 1768 2392 1086,
1786 2363 1820 2388 ed
1839 2370 1886 2388 era
1905 2365 1999 2389 morto
2018 2363 2040 2388 il
2065 2372 2082 2397 4
2106 2364 2190 2389 dice
2217 2363 2238 2369 ”
2268 2349 2271 2379 1

413 2406 441 2431 ln
463 2406 551 2430 storia
570 2406 600 2430 in
625 2404 792 2430 Descriziom
815 2404 845 2429 di
869 2404 979 2430 Milano
997 2405 1025 2429 di
1045 2404 1230 2429 SsRviunto
1247 2403 1303 2430 LA·
1360 2411 1437 2437 1093.
2204 2376 2271 2466 i

412 2454 518 2479 τυΛυΑ,
539 2449 618 2472 tomo
636 2447 670 2479 V,
690 2455 716 2479 p.
739 2453 787 2478 104
806 2446 937 2478 (Milsno,
960 2445 1048 2479 1738).
1085 2439 1197 2472 &detta
1210 2447 1304 2471 chiesa
1446 2444 1458 2462 ⁶
1477 2445 1614 2476 Corrado,
1639 2447 1720 2480 figlio
1744 2448 1774 2472 di
1798 2448 1904 2473 Enrlco
1928 2448 1969 2473 IV
1993 2450 2174 2482 imperatore,
2204 2463 2215 2467 --
2268 2475 2270 2482 ¹

412 2490 553 2515 dom-stica
571 2490 648 2515 forse
667 2488 767 2522 perche
786 2496 832 2513 era
852 2490 950 2514 vicina
968 2489 1026 2514 alla
1044 2495 1108 2513 casa
1131 2490 1249 2521 paterna
1274 2489 1303 2513 di
1357 2490 1432 2514 stato
1451 2489 1623 2517 incoronato
1642 2490 1677 2514 da
1696 2490 1833 2514 Anselmo
1852 2489 1891 2514 111
1911 2490 1957 2514 nel
1978 2497 2054 2524 1093.

413 2531 558 2557 Landolfo
578 2532 608 2556 di
626 2531 752 2563 Badagio
772 2539 878 2563 oppure
890 2529 990 2564 perche
1003 2531 1096 2563 quella
1110 2531 1241 2564 famiglia
1253 2538 1304 2563 po·
1445 2530 1456 2547 ⁷
1474 2531 1498 2556 11
1520 2532 1593 2556 fatto
1612 2540 1659 2557 era
1684 2533 1826 2557 avvenuto
1850 2533 1895 2557 nel
1923 2537 1998 2566 1075.
2034 2533 2072 2558 Di
2097 2533 2216 2566 Liprnn
2225 2483 2271 2574 ι

413 2576 478 2600 teva
498 2581 600 2599 averne
620 2574 641 2598 il
661 2575 823 2606 petronate.
1356 2572 1561 2607 (Luitprandus)
1582 2575 1661 2608 parla
1680 2575 1806 2599 Arnolfo
1827 2576 1856 2599 in
1875 2574 1954 2600 Gesta
1970 2574 2105 2608 arohiepp.
2122 2574 2209 2600 Medi
2260 2575 2271 2586 ¹

501 2614 513 2632 ³
531 2616 587 2641 Dal
606 2617 735 2640 contesto
755 2622 858 2648 appare
877 2616 926 2640 che
945 2615 975 2639 fu
994 2616 1082 2640 eletto
1110 2622 1168 2640 non
1188 2615 1224 2640 da
1250 2616 1306 2640 Ar·
1357 2615 1578 2645 1.1v.c.1x-x.
1615 2617 1656 2641 Ivi
1676 2624 1780 2641 ancora
1798 2616 1813 2642 ὲ
1833 2617 1931 2649 parola
1949 2617 2024 2642 della
2041 2617 2163 2648 Patan'a,
2189 2630 2202 2638 ν
2227 2587 2271 2685 ζ

415 2666 510 2689 mano,
528 2666 571 2683 rna
597 2658 643 2683 dai
669 2658 818 2692 popolani‚
843 2657 920 2682 forse
945 2657 1038 2683 dietro
1063 2659 1201 2691 proposta
1225 2657 1304 2682 dello
1357 2658 1413 2683 tito
1433 2658 1524 2683 fedele
1544 2660 1570 2683 al
1590 2659 1728 2692 pontefice
1747 2666 1762 2683 e
1781 2660 1952 2684 sostenitore
1971 2659 2047 2684 dena
2065 2659 2184 2686 riforma
2209 2661 2231 2692 -μζ

414 2702 504 2725 stesso
523 2701 660 2725 Armano.
697 2699 743 2725 Cf.
763 2699 850 2724 anche
869 2699 891 2724 il
911 2707 938 2724 n.
964 2707 1006 2731 40.
1042 2700 1182 2724 Anselmo
1206 2699 1246 2724 1v
1272 2700 1302 2724 di
1357 2700 1736 2726 clesiastlea.cf.Fsr.1cs
1754 2702 1865 2730 Tocco,
1883 2701 1999 2726 L'erosia
2015 2700 2060 2727 nel
2074 2701 2219 2728 MaaioE
2258 2690 2271 2739 {l

415 2743 535 2768 Bovlsio
555 2743 586 2767 su
605 2743 772 2767 consacrato
793 2749 913 2766 vescovo
933 2742 955 2766 ll
975 2749 990 2774 3
1005 2742 1157 2766 novembre
1171 2746 1239 2774 1097
1255 2740 1303 2775 (cf.
1356 2740 1490 2776 (Firenze,
1514 2742 1600 2775 1884),
1622 2743 1641 2768 1.
1660 2744 1680 2775 1,
1704 2750 1728 2768 c.
1746 2749 1793 2768 111.

414 2783 515 2814 Sumo,
534 2792 560 2817 p.
580 2783 652 2817 453).
689 2784 809 2808 Bovisio
829 2781 919 2816 (Buis)
938 2782 953 2808 ὲ
971 2782 1090 2808 Ιοεαηῒό.
1110 2784 1245 2808 milanese
1272 2785 1302 2807 in
1445 2783 1456 2800 ⁸
1474 2786 1557 2810 Delia
1577 2786 1670 2811 chiesa
1689 2786 1718 2810 di
1738 2785 1825 2810 Santa
1843 2785 2013 2816 Mar1a,che
2037 2786 2085 2812 dal
2109 2773 2161 2812 suo
2178 2785 2230 2812 so
2224 2748 2263 2804 1

415 2828 497 2859 pieve
511 2828 541 2852 dl
559 2827 657 2852 Desio.
693 2827 719 2850 A
739 2828 846 2858 quanto
866 2833 932 2859 pare
952 2826 1087 2851 Anselmo
1107 2833 1154 2852 ers.
1168 2828 1303 2860 preposto
1358 2827 1456 2851 datore
1475 2826 1489 2852 ὲ
1508 2828 1587 2852 detta
1611 2827 1732 2859 Pedone,
1756 2828 1821 2852 vedi
1847 2827 1956 2853 notizie
1973 2834 1989 2852 e
2014 2828 2193 2855 descrizlone
2220 2822 2231 2859 'J'
2258 2824 2263 2853 i

416 2869 492 2894 della
510 2870 650 2894 canonica
669 2869 697 2894 di
720 2868 775 2893 San
801 2868 933 2893 Lorenzo
952 2869 1181 2901 semplicemente
1206 2869 1304 2900 eletto,
1357 2868 1538 2894 Ssnvnmrto
1556 2869 1709 2900 Lxx-rums,
1728 2871 1770 2902 op.
1787 2870 1840 2900 cit„
1864 2871 1943 2895 tomo
1963 2869 2012 2901 IV,
2031 2878 2059 2903 p.
2081 2869 2139 2904 187.
2215 2864 2217 2866 ’

417 2919 475 2936 non
494 2911 605 2936 avendo
626 2918 729 2936 ancora
749 2911 874 2935 ricevuta
894 2910 1102 2935 l'ordinazione
1121 2911 1305 2936 sacerdotale.
1445 2909 1456 2927 ⁹
1469 2911 1575 2936 Alcuni
1590 2913 1787 2944 interpretsno
1800 2912 1850 2936 che
1863 2912 1990 2937 Coi-rado
2002 2910 2100 2937 sborso
2113 2913 2165 2945 llp
2187 2928 2191 2932 -
2211 2914 2233 2930 -“
2260 2920 2264 2929 ¹

503 2951 513 2967 ⁴
532 2954 594 2979 Con
614 2953 641 2978 la
660 2960 730 2978 voce
748 2952 825 2977 stalla
849 2951 937 2986 (stola)
963 2952 1118 2984 Landolso,
1144 2954 1192 2985 qui
1216 2959 1231 2977 e
1256 2953 1302 2977 nel
1357 2953 1402 2978 del
1420 2954 1541 2978 riscatto
1559 2961 1608 2987 per
1626 2953 1655 2978 la
1673 2954 1848 2978 liberszione
1867 2954 1897 2978 di
1908 2953 2063 2987 Llprando.
2090 2954 2175 2987 Altri,

416 2996 536 3027 seguIto,
550 2995 665 3019 intende
679 2995 826 3027 designare
840 2995 862 3019 ll
875 2993 960 3027 pallio
973 2993 1119 3027 (pallium).
1150 2986 1172 3018 Ε
1185 3002 1223 3019 un
1236 2994 1303 3019 sim·
1357 2992 1408 3028 pii:
1426 2996 1552 3029 ragione,
1571 2995 1677 3021 dicono
1696 2997 1745 3021 che
1765 2994 1893 3021 corrado
1912 2997 2021 3029 Impose
2039 3000 2096 3021 unt⁴
2113 2965 2230 3042 mislftujff'
2265 3013 2267 3024 «

415 3037 483 3061 bolo
502 3037 532 3061 di
550 3038 758 3069 giurisdizione
776 3045 790 3061 e
809 3037 838 3061 di
859 3045 947 3062 onore
965 3044 1098 3062 concesso
1111 3037 1159 3062 dal
1173 3037 1303 3062 Romano
1357 3039 1516 3071 rapinatori
1536 3038 1581 3063 del
1603 3039 1764 3064 medesimo.
