<?xml version="1.0" encoding="UTF-8"?>
<!DOCTYPE html PUBLIC "-//W3C//DTD XHTML 1.0 Transitional//EN"
    "http://www.w3.org/TR/xhtml1/DTD/xhtml1-transitional.dtd">
<html xmlns="http://www.w3.org/1999/xhtml" xml:lang="en" lang="en">
 <head>
  <title>
</title>
<meta http-equiv="Content-Type" content="text/html;charset=utf-8" />
  <meta name='ocr-system' content='tesseract 3.04.00' />
  <meta name='ocr-capabilities' content='ocr_page ocr_carea ocr_par ocr_line ocrx_word'/>
</head>
<body>
  <div class='ocr_page' id='page_1' title='image "./rerumitalicarums523murauoft_0078.png"; bbox 0 0 2288 3476; ppageno 0'>
   <div class='ocr_carea' id='block_1_1' title="bbox 393 335 2281 442">
    <p class='ocr_par' dir='ltr' id='par_1_1' title="bbox 393 325 2282 442">
     <span class='ocr_line' id='line_1_1' title="bbox 393 335 2281 382; baseline -0.005 -4"><span class='ocrx_word' id='word_1_1' title='bbox 393 346 481 379; x_wconf 89' lang='lat' dir='ltr'><strong>idest</strong></span> <span class='ocrx_word' id='word_1_2' title='bbox 505 351 539 377; x_wconf 92' lang='lat' dir='ltr'><strong>te</strong></span> <span class='ocrx_word' id='word_1_3' title='bbox 562 343 701 377; x_wconf 83' lang='lat' dir='ltr'><strong>vivente</strong></span> <span class='ocrx_word' id='word_1_4' title='bbox 724 341 907 375; x_wconf 77' lang='lat' dir='ltr'>scribimus</span> <span class='ocrx_word' id='word_1_5' title='bbox 930 341 974 374; x_wconf 88' lang='lat' dir='ltr'><strong>de</strong></span> <span class='ocrx_word' id='word_1_6' title='bbox 999 346 1032 373; x_wconf 91' lang='lat' dir='ltr'><strong>te</strong></span> <span class='ocrx_word' id='word_1_7' title='bbox 1056 340 1220 377; x_wconf 86' lang='lat' dir='ltr'><strong>carmina,</strong></span> <span class='ocrx_word' id='word_1_8' title='bbox 1244 345 1279 371; x_wconf 89' lang='lat' dir='ltr'><strong>et</strong></span> <span class='ocrx_word' id='word_1_9' title='bbox 1302 344 1340 370; x_wconf 90' lang='lat' dir='ltr'><strong>ut</strong></span> <span class='ocrx_word' id='word_1_10' title='bbox 1363 336 1584 371; x_wconf 86' lang='lat' dir='ltr'><strong>doctissimus</strong></span> <span class='ocrx_word' id='word_1_11' title='bbox 1606 342 1786 380; x_wconf 81' lang='lat' dir='ltr'><strong>poetarum</strong></span> <span class='ocrx_word' id='word_1_12' title='bbox 1810 336 1924 368; x_wconf 90' lang='lat' dir='ltr'><strong>eidem</strong></span> <span class='ocrx_word' id='word_1_13' title='bbox 1940 335 2100 380; x_wconf 81' lang='lat' dir='ltr'><strong>Augusto</strong></span> <span class='ocrx_word' id='word_1_14' title='bbox 2116 335 2240 369; x_wconf 79' lang='lat' dir='ltr'><strong>detulit</strong></span> <span class='ocrx_word' id='word_1_15' title='bbox 2266 347 2281 382; x_wconf 99' lang='lat'>3</span> 
     </span>
     <span class='ocr_line' id='line_1_2' title="bbox 394 388 2281 442; baseline -0.006 -12"><span class='ocrx_word' id='word_1_16' title='bbox 394 398 590 442; x_wconf 82' lang='lat' dir='ltr'><strong>gratissima</strong></span> <span class='ocrx_word' id='word_1_17' title='bbox 613 406 656 429; x_wconf 87' lang='lat' dir='ltr'><strong>ex</strong></span> <span class='ocrx_word' id='word_1_18' title='bbox 677 396 753 438; x_wconf 86' lang='lat' dir='ltr'><strong>ipso</strong></span> <span class='ocrx_word' id='word_1_19' title='bbox 777 394 941 433; x_wconf 87' lang='lat' dir='ltr'><strong>carmina,</strong></span> <span class='ocrx_word' id='word_1_20' title='bbox 964 405 984 426; x_wconf 90' lang='lat' dir='ltr'>a</span> <span class='ocrx_word' id='word_1_21' title='bbox 1007 403 1074 437; x_wconf 91' lang='lat' dir='ltr'><strong>quo</strong></span> <span class='ocrx_word' id='word_1_22' title='bbox 1098 392 1256 425; x_wconf 87' lang='lat' dir='ltr'><strong>libertate</strong></span> <span class='ocrx_word' id='word_1_23' title='bbox 1279 396 1428 434; x_wconf 85' lang='lat' dir='ltr'><strong>accepta</strong></span> <span class='ocrx_word' id='word_1_24' title='bbox 1442 391 1566 423; x_wconf 88' lang='lat' dir='ltr'><strong>iterum</strong></span> <span class='ocrx_word' id='word_1_25' title='bbox 1584 389 1741 422; x_wconf 85' lang='lat' dir='ltr'><strong>exultans</strong></span> <span class='ocrx_word' id='word_1_26' title='bbox 1755 389 1792 422; x_wconf 92' lang='lat' dir='ltr'><strong>in</strong></span> <span class='ocrx_word' id='word_1_27' title='bbox 1809 389 1910 423; x_wconf 87' lang='lat' dir='ltr'><strong>laude</strong></span> <span class='ocrx_word' id='word_1_28' title='bbox 1933 389 2088 422; x_wconf 90' lang='lat' dir='ltr'><strong>eiusdem</strong></span> <span class='ocrx_word' id='word_1_29' title='bbox 2105 388 2242 422; x_wconf 78' lang='lat' dir='ltr'><strong>Cesaris</strong></span> <span class='ocrx_word' id='word_1_30' title='bbox 2259 403 2281 430; x_wconf 76' lang='lat'><strong>2·</strong></span> 
     </span>
    </p>
   </div>
   <div class='ocr_carea' id='block_1_2' title="bbox 396 448 793 492">
    <p class='ocr_par' dir='ltr' id='par_1_2' title="bbox 396 448 793 492">
     <span class='ocr_line' id='line_1_3' title="bbox 396 448 793 492; baseline -0.008 -9"><span class='ocrx_word' id='word_1_31' title='bbox 396 457 505 483; x_wconf 82' lang='lat' dir='ltr'><strong>metra</strong></span> <span class='ocrx_word' id='word_1_32' title='bbox 528 450 671 492; x_wconf 84' lang='lat' dir='ltr'><strong>protulit</strong></span> <span class='ocrx_word' id='word_1_33' title='bbox 694 448 793 481; x_wconf 86' lang='lat' dir='ltr'><strong>talia:</strong></span> 
     </span>
    </p>
   </div>
   <div class='ocr_carea' id='block_1_3' title="bbox 832 496 1842 754">
    <p class='ocr_par' dir='ltr' id='par_1_3' title="bbox 833 496 1676 542">
     <span class='ocr_line' id='line_1_4' title="bbox 833 496 1676 542; baseline -0.005 -9"><span class='ocrx_word' id='word_1_34' title='bbox 833 500 923 533; x_wconf 79' lang='lat' dir='ltr'><strong>Ante</strong></span> <span class='ocrx_word' id='word_1_35' title='bbox 945 499 1035 532; x_wconf 75' lang='lat' dir='ltr'><strong>leves</strong></span> <span class='ocrx_word' id='word_1_36' title='bbox 1058 509 1147 541; x_wconf 85' lang='lat' dir='ltr'><strong>ergo</strong></span> <span class='ocrx_word' id='word_1_37' title='bbox 1169 501 1354 542; x_wconf 73' lang='lat' dir='ltr'><strong>pascentur</strong></span> <span class='ocrx_word' id='word_1_38' title='bbox 1376 497 1413 530; x_wconf 76' lang='lat' dir='ltr'><strong>in</strong></span> <span class='ocrx_word' id='word_1_39' title='bbox 1436 496 1550 530; x_wconf 75' lang='lat' dir='ltr'><strong>ethere</strong></span> <span class='ocrx_word' id='word_1_40' title='bbox 1572 496 1676 538; x_wconf 77' lang='lat' dir='ltr'><strong>cervi,</strong></span> 
     </span>
    </p>

    <p class='ocr_par' dir='ltr' id='par_1_4' title="bbox 835 550 1675 596">
     <span class='ocr_line' id='line_1_5' title="bbox 835 550 1675 596; baseline -0.005 -10"><span class='ocrx_word' id='word_1_41' title='bbox 835 554 887 586; x_wconf 80' lang='lat' dir='ltr'><strong>Et</strong></span> <span class='ocrx_word' id='word_1_42' title='bbox 900 556 1003 596; x_wconf 78' lang='lat' dir='ltr'><strong>freta</strong></span> <span class='ocrx_word' id='word_1_43' title='bbox 1027 552 1209 584; x_wconf 82' lang='lat' dir='ltr'><strong>destituent</strong></span> <span class='ocrx_word' id='word_1_44' title='bbox 1230 550 1337 583; x_wconf 84' lang='lat' dir='ltr'><strong>nudos</strong></span> <span class='ocrx_word' id='word_1_45' title='bbox 1359 550 1396 583; x_wconf 78' lang='lat' dir='ltr'><strong>in</strong></span> <span class='ocrx_word' id='word_1_46' title='bbox 1418 550 1533 582; x_wconf 79' lang='lat' dir='ltr'><strong>littore</strong></span> <span class='ocrx_word' id='word_1_47' title='bbox 1555 550 1675 593; x_wconf 80' lang='lat' dir='ltr'><em>pisces,</em></span> 
     </span>
    </p>

    <p class='ocr_par' dir='ltr' id='par_1_5' title="bbox 832 603 1581 650">
     <span class='ocr_line' id='line_1_6' title="bbox 832 603 1581 650; baseline -0.005 -11"><span class='ocrx_word' id='word_1_48' title='bbox 832 606 922 639; x_wconf 84' lang='lat' dir='ltr'><strong>Ante</strong></span> <span class='ocrx_word' id='word_1_49' title='bbox 944 605 1138 650; x_wconf 71' lang='lat' dir='ltr'><strong>pererratis</strong></span> <span class='ocrx_word' id='word_1_50' title='bbox 1158 604 1331 636; x_wconf 87' lang='lat' dir='ltr'><strong>amborum</strong></span> <span class='ocrx_word' id='word_1_51' title='bbox 1351 603 1474 645; x_wconf 77' lang='lat' dir='ltr'><strong>finibus</strong></span> <span class='ocrx_word' id='word_1_52' title='bbox 1496 603 1581 643; x_wconf 76' lang='lat' dir='ltr'><em>exul,</em></span> 
     </span>
    </p>

    <p class='ocr_par' dir='ltr' id='par_1_6' title="bbox 832 655 1842 754">
     <span class='ocr_line' id='line_1_7' title="bbox 832 655 1842 699; baseline -0.003 -8"><span class='ocrx_word' id='word_1_53' title='bbox 832 658 904 691; x_wconf 86' lang='lat' dir='ltr'><strong>Aut</strong></span> <span class='ocrx_word' id='word_1_54' title='bbox 924 658 1069 691; x_wconf 81' lang='lat' dir='ltr'><strong><em>Ararim</em></strong></span> <span class='ocrx_word' id='word_1_55' title='bbox 1093 657 1248 690; x_wconf 81' lang='lat' dir='ltr'><strong>Parthus</strong></span> <span class='ocrx_word' id='word_1_56' title='bbox 1270 657 1366 698; x_wconf 78' lang='lat' dir='ltr'><strong>bibet,</strong></span> <span class='ocrx_word' id='word_1_57' title='bbox 1390 660 1451 689; x_wconf 84' lang='lat' dir='ltr'><strong>aut</strong></span> <span class='ocrx_word' id='word_1_58' title='bbox 1474 655 1661 689; x_wconf 76' lang='lat' dir='ltr'><em>Germania</em></span> <span class='ocrx_word' id='word_1_59' title='bbox 1688 655 1842 699; x_wconf 79' lang='lat' dir='ltr'><em>Tigrim,</em></span> 
     </span>
     <span class='ocr_line' id='line_1_8' title="bbox 833 708 1687 754; baseline -0.004 -10"><span class='ocrx_word' id='word_1_60' title='bbox 833 711 948 754; x_wconf 59' lang='lat' dir='ltr'><strong>,Quam</strong></span> <span class='ocrx_word' id='word_1_61' title='bbox 971 716 1085 744; x_wconf 83' lang='lat' dir='ltr'><strong>nostro</strong></span> <span class='ocrx_word' id='word_1_62' title='bbox 1107 711 1200 744; x_wconf 78' lang='lat' dir='ltr'><strong>illius</strong></span> <span class='ocrx_word' id='word_1_63' title='bbox 1221 710 1358 743; x_wconf 83' lang='lat' dir='ltr'><strong>labatur</strong></span> <span class='ocrx_word' id='word_1_64' title='bbox 1379 713 1518 754; x_wconf 78' lang='lat' dir='ltr'><em>pectore</em></span> <span class='ocrx_word' id='word_1_65' title='bbox 1541 709 1654 742; x_wconf 80' lang='lat' dir='ltr'><strong>vultus</strong></span> <span class='ocrx_word' id='word_1_66' title='bbox 1666 708 1687 741; x_wconf 86' lang='lat'><strong>¹.</strong></span> 
     </span>
    </p>
   </div>
   <div class='ocr_carea' id='block_1_4' title="bbox 224 815 2259 1182">
    <p class='ocr_par' dir='ltr' id='par_1_7' title="bbox 391 815 2261 1078">
     <span class='ocr_line' id='line_1_9' title="bbox 482 815 2251 863; baseline -0.002 -9"><span class='ocrx_word' id='word_1_67' title='bbox 482 821 588 860; x_wconf 90' lang='lat' dir='ltr'><strong>Quod</strong></span> <span class='ocrx_word' id='word_1_68' title='bbox 618 830 728 863; x_wconf 88' lang='lat' dir='ltr'><strong>aeque</strong></span> <span class='ocrx_word' id='word_1_69' title='bbox 751 820 795 852; x_wconf 92' lang='lat' dir='ltr'><strong>de</strong></span> <span class='ocrx_word' id='word_1_70' title='bbox 825 825 859 852; x_wconf 92' lang='lat' dir='ltr'><strong>te</strong></span> <span class='ocrx_word' id='word_1_71' title='bbox 882 819 1045 852; x_wconf 84' lang='lat' dir='ltr'><strong>conicere</strong></span> <span class='ocrx_word' id='word_1_72' title='bbox 1068 828 1248 862; x_wconf 78' lang='lat' dir='ltr'><strong>possumus</strong></span> <span class='ocrx_word' id='word_1_73' title='bbox 1279 817 1526 862; x_wconf 87' lang='lat' dir='ltr'><strong>benignissima</strong></span> <span class='ocrx_word' id='word_1_74' title='bbox 1558 817 1709 856; x_wconf 83' lang='lat' dir='ltr'><strong>domina,</strong></span> <span class='ocrx_word' id='word_1_75' title='bbox 1733 825 1768 850; x_wconf 86' lang='lat' dir='ltr'><strong>et</strong></span> <span class='ocrx_word' id='word_1_76' title='bbox 1789 822 1828 849; x_wconf 89' lang='lat' dir='ltr'><strong>ut</strong></span> <span class='ocrx_word' id='word_1_77' title='bbox 1857 815 1947 849; x_wconf 90' lang='lat' dir='ltr'><strong>liber</strong></span> <span class='ocrx_word' id='word_1_78' title='bbox 1969 817 2091 861; x_wconf 80' lang='lat' dir='ltr'><strong>regine</strong></span> <span class='ocrx_word' id='word_1_79' title='bbox 2115 817 2251 850; x_wconf 63' lang='lat' dir='ltr'><strong>Hester</strong></span> 
     </span>
     <span class='ocr_line' id='line_1_10' title="bbox 395 870 2242 919; baseline -0.003 -10"><span class='ocrx_word' id='word_1_80' title='bbox 395 877 439 909; x_wconf 90' lang='lat' dir='ltr'><strong>de</strong></span> <span class='ocrx_word' id='word_1_81' title='bbox 462 885 545 919; x_wconf 87' lang='lat' dir='ltr'><strong>rege</strong></span> <span class='ocrx_word' id='word_1_82' title='bbox 567 874 720 906; x_wconf 86' lang='lat' dir='ltr'><strong>Assuero</strong></span> <span class='ocrx_word' id='word_1_83' title='bbox 743 873 886 912; x_wconf 84' lang='lat' dir='ltr'><strong>indicat,</strong></span> <span class='ocrx_word' id='word_1_84' title='bbox 910 872 970 916; x_wconf 91' lang='lat' dir='ltr'><strong>qui</strong></span> <span class='ocrx_word' id='word_1_85' title='bbox 994 879 1130 906; x_wconf 87' lang='lat' dir='ltr'><strong>noctem</strong></span> <span class='ocrx_word' id='word_1_86' title='bbox 1154 873 1251 905; x_wconf 88' lang='lat' dir='ltr'><strong>duxit</strong></span> <span class='ocrx_word' id='word_1_87' title='bbox 1271 872 1465 904; x_wconf 78' lang='lat' dir='ltr'><strong>insomnem</strong></span> <span class='ocrx_word' id='word_1_88' title='bbox 1488 876 1596 903; x_wconf 85' lang='lat' dir='ltr'><strong>totam</strong></span> <span class='ocrx_word' id='word_1_89' title='bbox 1618 870 1750 904; x_wconf 88' lang='lat' dir='ltr'><strong>intente</strong></span> <span class='ocrx_word' id='word_1_90' title='bbox 1772 870 1919 903; x_wconf 83' lang='lat' dir='ltr'><strong>audiens</strong></span> <span class='ocrx_word' id='word_1_91' title='bbox 1949 870 2098 914; x_wconf 75' lang='lat' dir='ltr'><strong>scriptas</strong></span> <span class='ocrx_word' id='word_1_92' title='bbox 2128 870 2173 904; x_wconf 88' lang='lat' dir='ltr'><strong>de</strong></span> <span class='ocrx_word' id='word_1_93' title='bbox 2202 881 2242 903; x_wconf 76' lang='lat' dir='ltr'><strong>se</strong></span> 
     </span>
     <span class='ocr_line' id='line_1_11' title="bbox 392 923 2245 970; baseline -0.001 -10"><span class='ocrx_word' id='word_1_94' title='bbox 392 928 562 966; x_wconf 87' lang='lat' dir='ltr'><strong>historias,</strong></span> <span class='ocrx_word' id='word_1_95' title='bbox 586 928 699 959; x_wconf 91' lang='lat' dir='ltr'><strong>donec</strong></span> <span class='ocrx_word' id='word_1_96' title='bbox 722 927 877 970; x_wconf 85' lang='lat' dir='ltr'><strong>legentes</strong></span> <span class='ocrx_word' id='word_1_97' title='bbox 899 925 1034 959; x_wconf 85' lang='lat' dir='ltr'><strong>audivit</strong></span> <span class='ocrx_word' id='word_1_98' title='bbox 1063 925 1158 969; x_wconf 89' lang='lat' dir='ltr'><strong>quod</strong></span> <span class='ocrx_word' id='word_1_99' title='bbox 1188 924 1422 958; x_wconf 86' lang='lat' dir='ltr'><strong>Mardocheus</strong></span> <span class='ocrx_word' id='word_1_100' title='bbox 1451 924 1638 957; x_wconf 83' lang='lat' dir='ltr'><strong>nunciarat</strong></span> <span class='ocrx_word' id='word_1_101' title='bbox 1660 924 1691 956; x_wconf 90' lang='lat' dir='ltr'><strong>ei</strong></span> <span class='ocrx_word' id='word_1_102' title='bbox 1714 924 1783 957; x_wconf 85' lang='lat' dir='ltr'><strong>vite</strong></span> <span class='ocrx_word' id='word_1_103' title='bbox 1806 934 1866 956; x_wconf 88' lang='lat' dir='ltr'><strong>sue</strong></span> <span class='ocrx_word' id='word_1_104' title='bbox 1896 923 2051 963; x_wconf 80' lang='lat' dir='ltr'><strong>insidias,</strong></span> <span class='ocrx_word' id='word_1_105' title='bbox 2081 934 2185 968; x_wconf 85' lang='lat' dir='ltr'><strong>quem</strong></span> <span class='ocrx_word' id='word_1_106' title='bbox 2207 929 2245 958; x_wconf 80' lang='lat' dir='ltr'><strong>et</strong></span> 
     </span>
     <span class='ocr_line' id='line_1_12' title="bbox 393 976 2242 1024; baseline -0.002 -10"><span class='ocrx_word' id='word_1_107' title='bbox 393 981 550 1024; x_wconf 87' lang='lat' dir='ltr'><strong>protinus</strong></span> <span class='ocrx_word' id='word_1_108' title='bbox 572 980 617 1013; x_wconf 93' lang='lat' dir='ltr'><strong>ob</strong></span> <span class='ocrx_word' id='word_1_109' title='bbox 639 980 677 1013; x_wconf 89' lang='lat' dir='ltr'><strong>id</strong></span> <span class='ocrx_word' id='word_1_110' title='bbox 699 979 931 1013; x_wconf 85' lang='lat' dir='ltr'><strong>remuneravit</strong></span> <span class='ocrx_word' id='word_1_111' title='bbox 953 979 1183 1012; x_wconf 88' lang='lat' dir='ltr'><strong>retributione</strong></span> <span class='ocrx_word' id='word_1_112' title='bbox 1206 978 1303 1022; x_wconf 80' lang='lat' dir='ltr'><strong>regia</strong></span> <span class='ocrx_word' id='word_1_113' title='bbox 1315 977 1338 1018; x_wconf 82' lang='lat'><strong>²,</strong></span> <span class='ocrx_word' id='word_1_114' title='bbox 1369 977 1571 1020; x_wconf 76' lang='lat' dir='ltr'><strong>scripsimus</strong></span> <span class='ocrx_word' id='word_1_115' title='bbox 1602 978 1647 1010; x_wconf 91' lang='lat' dir='ltr'><strong>de</strong></span> <span class='ocrx_word' id='word_1_116' title='bbox 1677 977 1778 1010; x_wconf 83' lang='lat' dir='ltr'><strong>vobis</strong></span> <span class='ocrx_word' id='word_1_117' title='bbox 1807 977 1912 1010; x_wconf 76' lang='lat' dir='ltr'><strong>etiam</strong></span> <span class='ocrx_word' id='word_1_118' title='bbox 1941 977 2059 1010; x_wconf 90' lang='lat' dir='ltr'><strong>utilem</strong></span> <span class='ocrx_word' id='word_1_119' title='bbox 2088 976 2242 1011; x_wconf 75' lang='lat' dir='ltr'><strong>venturis</strong></span> 
     </span>
     <span class='ocr_line' id='line_1_13' title="bbox 391 1029 2259 1078; baseline -0.001 -12"><span class='ocrx_word' id='word_1_120' title='bbox 391 1033 601 1076; x_wconf 84' lang='lat' dir='ltr'><strong>temporibus</strong></span> <span class='ocrx_word' id='word_1_121' title='bbox 616 1033 815 1077; x_wconf 84' lang='lat' dir='ltr'><strong>hystoriam,</strong></span> <span class='ocrx_word' id='word_1_122' title='bbox 832 1043 921 1076; x_wconf 88' lang='lat' dir='ltr'><strong>quae</strong></span> <span class='ocrx_word' id='word_1_123' title='bbox 944 1031 1222 1075; x_wconf 86' lang='lat' dir='ltr'><strong>probatissimum</strong></span> <span class='ocrx_word' id='word_1_124' title='bbox 1246 1032 1310 1064; x_wconf 89' lang='lat' dir='ltr'><strong>erit</strong></span> <span class='ocrx_word' id='word_1_125' title='bbox 1334 1030 1530 1074; x_wconf 87' lang='lat' dir='ltr'><strong>exemplum</strong></span> <span class='ocrx_word' id='word_1_126' title='bbox 1554 1029 1779 1074; x_wconf 85' lang='lat' dir='ltr'><strong>diligentibus</strong></span> <span class='ocrx_word' id='word_1_127' title='bbox 1803 1030 1906 1063; x_wconf 90' lang='lat' dir='ltr'><strong>deum</strong></span> <span class='ocrx_word' id='word_1_128' title='bbox 1921 1035 2146 1076; x_wconf 82' lang='lat' dir='ltr'><strong>sanctamque</strong></span> <span class='ocrx_word' id='word_1_129' title='bbox 2167 1030 2259 1078; x_wconf 40' lang='lat' dir='ltr'><strong>eius</strong></span> 
     </span>
    </p>

    <p class='ocr_par' dir='ltr' id='par_1_8' title="bbox 224 1083 2261 1182">
     <span class='ocr_line' id='line_1_14' title="bbox 224 1083 2259 1129; baseline -0.001 -9"><span class='ocrx_word' id='word_1_130' title='bbox 224 1106 244 1120; x_wconf 66' lang='lat' dir='ltr'><strong>c.</strong></span> <span class='ocrx_word' id='word_1_131' title='bbox 257 1105 293 1124; x_wconf 65' lang='grc' dir='ltr'><strong>μ</strong></span> <span class='ocrx_word' id='word_1_132' title='bbox 393 1088 588 1121; x_wconf 87' lang='lat' dir='ltr'><strong>ecclesiam.</strong></span> <span class='ocrx_word' id='word_1_133' title='bbox 634 1086 731 1119; x_wconf 90' lang='lat' dir='ltr'><strong>&#39;Vita</strong></span> <span class='ocrx_word' id='word_1_134' title='bbox 754 1086 914 1129; x_wconf 85' lang='lat' dir='ltr'><strong>salusque</strong></span> <span class='ocrx_word' id='word_1_135' title='bbox 937 1092 1052 1119; x_wconf 81' lang='lat' dir='ltr'><strong>vestra</strong></span> <span class='ocrx_word' id='word_1_136' title='bbox 1073 1091 1190 1118; x_wconf 89' lang='lat' dir='ltr'><strong>nostra</strong></span> <span class='ocrx_word' id='word_1_137' title='bbox 1213 1091 1265 1118; x_wconf 88' lang='lat' dir='ltr'><strong>est</strong></span> <span class='ocrx_word' id='word_1_138' title='bbox 1288 1084 1455 1118; x_wconf 85' lang='lat' dir='ltr'><strong>securitas</strong></span> <span class='ocrx_word' id='word_1_139' title='bbox 1475 1090 1510 1117; x_wconf 88' lang='lat' dir='ltr'><strong>et</strong></span> <span class='ocrx_word' id='word_1_140' title='bbox 1531 1084 1664 1122; x_wconf 86' lang='lat' dir='ltr'><strong>leticia,</strong></span> <span class='ocrx_word' id='word_1_141' title='bbox 1686 1084 1864 1117; x_wconf 85' lang='lat' dir='ltr'><strong>infirmitas</strong></span> <span class='ocrx_word' id='word_1_142' title='bbox 1887 1089 2002 1117; x_wconf 88' lang='lat' dir='ltr'><strong>autem</strong></span> <span class='ocrx_word' id='word_1_143' title='bbox 2025 1083 2188 1118; x_wconf 75' lang='lat' dir='ltr'><strong>debilitas</strong></span> <span class='ocrx_word' id='word_1_144' title='bbox 2209 1089 2259 1118; x_wconf 82' lang='lat' dir='ltr'><strong>et</strong></span> 
     </span>
     <span class='ocr_line' id='line_1_15' title="bbox 393 1137 2252 1182; baseline -0.002 -8"><span class='ocrx_word' id='word_1_145' title='bbox 393 1141 539 1174; x_wconf 81' lang='lat' dir='ltr'><strong>tristicia</strong></span> <span class='ocrx_word' id='word_1_146' title='bbox 550 1141 574 1173; x_wconf 83' lang='lat'><strong>³.</strong></span> <span class='ocrx_word' id='word_1_147' title='bbox 619 1140 689 1173; x_wconf 92' lang='lat' dir='ltr'><strong>Det</strong></span> <span class='ocrx_word' id='word_1_148' title='bbox 714 1140 815 1174; x_wconf 83' lang='lat' dir='ltr'><strong>vobis</strong></span> <span class='ocrx_word' id='word_1_149' title='bbox 837 1140 942 1173; x_wconf 84' lang='lat' dir='ltr'><strong>vitam</strong></span> <span class='ocrx_word' id='word_1_150' title='bbox 965 1139 1182 1182; x_wconf 83' lang='lat' dir='ltr'><strong>salutemque</strong></span> <span class='ocrx_word' id='word_1_151' title='bbox 1205 1138 1403 1172; x_wconf 86' lang='lat' dir='ltr'><strong>continuam</strong></span> <span class='ocrx_word' id='word_1_152' title='bbox 1427 1138 1618 1172; x_wconf 84' lang='lat' dir='ltr'><strong>Salvatoris</strong></span> <span class='ocrx_word' id='word_1_153' title='bbox 1640 1138 1793 1171; x_wconf 84' lang='lat' dir='ltr'><strong>omnium</strong></span> <span class='ocrx_word' id='word_1_154' title='bbox 1816 1137 2062 1171; x_wconf 84' lang='lat' dir='ltr'><strong>misericordia.</strong></span> <span class='ocrx_word' id='word_1_155' title='bbox 2115 1137 2252 1172; x_wconf 71' lang='lat' dir='ltr'><strong>Amem&#39;</strong></span> 
     </span>
    </p>
   </div>
   <div class='ocr_carea' id='block_1_5' title="bbox 349 1278 1290 1609">
    <p class='ocr_par' dir='ltr' id='par_1_9' title="bbox 349 1278 1290 1609">
     <span class='ocr_line' id='line_1_16' title="bbox 479 1278 922 1312; baseline -0.002 -8"><span class='ocrx_word' id='word_1_156' title='bbox 479 1278 487 1294; x_wconf 89' lang='lat'>¹</span> <span class='ocrx_word' id='word_1_157' title='bbox 507 1279 656 1309; x_wconf 78' lang='lat' dir='ltr'><strong>Vmoruo,</strong></span> <span class='ocrx_word' id='word_1_158' title='bbox 676 1280 817 1312; x_wconf 74' lang='lat' dir='ltr'><strong>Eglogae,</strong></span> <span class='ocrx_word' id='word_1_159' title='bbox 837 1279 858 1308; x_wconf 85' lang='lat'><strong>1,</strong></span> <span class='ocrx_word' id='word_1_160' title='bbox 878 1278 922 1304; x_wconf 89' lang='lat'><strong>60.</strong></span> 
     </span>
     <span class='ocr_line' id='line_1_17' title="bbox 479 1318 1290 1354; baseline -0.004 -7"><span class='ocrx_word' id='word_1_161' title='bbox 479 1321 490 1338; x_wconf 76' lang='lat'><strong>²</strong></span> <span class='ocrx_word' id='word_1_162' title='bbox 508 1321 616 1351; x_wconf 87' lang='lat' dir='ltr'><strong>Questo</strong></span> <span class='ocrx_word' id='word_1_163' title='bbox 636 1329 779 1354; x_wconf 82' lang='lat' dir='ltr'><strong>paragone</strong></span> <span class='ocrx_word' id='word_1_164' title='bbox 798 1329 852 1346; x_wconf 87' lang='lat' dir='ltr'><strong>con</strong></span> <span class='ocrx_word' id='word_1_165' title='bbox 878 1322 1003 1346; x_wconf 78' lang='lat' dir='ltr'><strong>Assuero</strong></span> <span class='ocrx_word' id='word_1_166' title='bbox 1029 1329 1043 1345; x_wconf 90' lang='lat' dir='ltr'><strong>e</strong></span> <span class='ocrx_word' id='word_1_167' title='bbox 1069 1320 1242 1345; x_wconf 82' lang='lat' dir='ltr'><strong>Mardocheo</strong></span> <span class='ocrx_word' id='word_1_168' title='bbox 1275 1318 1290 1345; x_wconf 78' lang='grc' dir='ltr'><strong>ὲ</strong></span> 
     </span>
     <span class='ocr_line' id='line_1_18' title="bbox 390 1364 1288 1398; baseline -0.002 -8"><span class='ocrx_word' id='word_1_169' title='bbox 390 1366 464 1390; x_wconf 82' lang='lat' dir='ltr'><strong>assai</strong></span> <span class='ocrx_word' id='word_1_170' title='bbox 482 1372 555 1398; x_wconf 85' lang='lat' dir='ltr'><strong>poco</strong></span> <span class='ocrx_word' id='word_1_171' title='bbox 574 1365 680 1394; x_wconf 82' lang='lat' dir='ltr'><strong>chlaro,</strong></span> <span class='ocrx_word' id='word_1_172' title='bbox 700 1365 790 1389; x_wconf 84' lang='lat' dir='ltr'><strong>anche</strong></span> <span class='ocrx_word' id='word_1_173' title='bbox 809 1371 858 1397; x_wconf 84' lang='lat' dir='ltr'><strong>per</strong></span> <span class='ocrx_word' id='word_1_174' title='bbox 877 1364 905 1388; x_wconf 78' lang='lat' dir='ltr'><strong>la</strong></span> <span class='ocrx_word' id='word_1_175' title='bbox 919 1364 1107 1388; x_wconf 86' lang='lat' dir='ltr'><strong>connessione</strong></span> <span class='ocrx_word' id='word_1_176' title='bbox 1121 1371 1175 1388; x_wconf 90' lang='lat' dir='ltr'><strong>con</strong></span> <span class='ocrx_word' id='word_1_177' title='bbox 1190 1364 1198 1387; x_wconf 82' lang='lat' dir='ltr'><strong>i</strong></span> <span class='ocrx_word' id='word_1_178' title='bbox 1214 1366 1288 1388; x_wconf 83' lang='lat' dir='ltr'><strong>versi</strong></span> 
     </span>
     <span class='ocr_line' id='line_1_19' title="bbox 390 1404 1289 1440; baseline -0.003 -8"><span class='ocrx_word' id='word_1_179' title='bbox 390 1409 420 1432; x_wconf 86' lang='lat' dir='ltr'><strong>dl</strong></span> <span class='ocrx_word' id='word_1_180' title='bbox 438 1408 573 1440; x_wconf 80' lang='lat' dir='ltr'><strong>Virgilio.</strong></span> <span class='ocrx_word' id='word_1_181' title='bbox 610 1408 634 1431; x_wconf 87' lang='lat'><strong>11</strong></span> <span class='ocrx_word' id='word_1_182' title='bbox 655 1414 737 1432; x_wconf 84' lang='lat' dir='ltr'><strong>senso</strong></span> <span class='ocrx_word' id='word_1_183' title='bbox 752 1404 803 1440; x_wconf 64' lang='lat' dir='ltr'><strong>piis</strong></span> <span class='ocrx_word' id='word_1_184' title='bbox 816 1407 922 1439; x_wconf 84' lang='lat' dir='ltr'><strong>logico,</strong></span> <span class='ocrx_word' id='word_1_185' title='bbox 936 1413 985 1438; x_wconf 88' lang='lat' dir='ltr'><strong>per</strong></span> <span class='ocrx_word' id='word_1_186' title='bbox 1005 1406 1027 1430; x_wconf 88' lang='lat' dir='ltr'><strong>il</strong></span> <span class='ocrx_word' id='word_1_187' title='bbox 1042 1406 1150 1438; x_wconf 82' lang='lat' dir='ltr'><strong>iegame</strong></span> <span class='ocrx_word' id='word_1_188' title='bbox 1165 1405 1212 1429; x_wconf 88' lang='lat' dir='ltr'><strong>col</strong></span> <span class='ocrx_word' id='word_1_189' title='bbox 1225 1406 1289 1430; x_wconf 80' lang='lat' dir='ltr'><strong>scri-</strong></span> 
     </span>
     <span class='ocr_line' id='line_1_20' title="bbox 349 1448 1290 1485; baseline -0.002 -11"><span class='ocrx_word' id='word_1_190' title='bbox 349 1459 363 1485; x_wconf 84' lang='lat'><strong>5</strong></span> <span class='ocrx_word' id='word_1_191' title='bbox 384 1451 495 1482; x_wconf 80' lang='lat' dir='ltr'><strong>psimus.</strong></span> <span class='ocrx_word' id='word_1_192' title='bbox 514 1450 628 1474; x_wconf 84' lang='lat' dir='ltr'><strong>sarebbe</strong></span> <span class='ocrx_word' id='word_1_193' title='bbox 648 1450 697 1474; x_wconf 87' lang='lat' dir='ltr'><strong>che</strong></span> <span class='ocrx_word' id='word_1_194' title='bbox 717 1450 867 1482; x_wconf 78' lang='lat' dir='ltr'><strong>voperetta</strong></span> <span class='ocrx_word' id='word_1_195' title='bbox 881 1449 910 1472; x_wconf 85' lang='lat' dir='ltr'><strong>di</strong></span> <span class='ocrx_word' id='word_1_196' title='bbox 923 1449 1078 1473; x_wconf 80' lang='lat' dir='ltr'><strong>Donizone</strong></span> <span class='ocrx_word' id='word_1_197' title='bbox 1096 1448 1237 1472; x_wconf 88' lang='lat' dir='ltr'><strong>dovrebbe</strong></span> <span class='ocrx_word' id='word_1_198' title='bbox 1251 1448 1290 1472; x_wconf 87' lang='lat' dir='ltr'><strong>ri-</strong></span> 
     </span>
     <span class='ocr_line' id='line_1_21' title="bbox 391 1489 1288 1523; baseline -0.003 -6"><span class='ocrx_word' id='word_1_199' title='bbox 391 1493 507 1517; x_wconf 74' lang='lat' dir='ltr'><strong>cordate</strong></span> <span class='ocrx_word' id='word_1_200' title='bbox 526 1494 553 1517; x_wconf 85' lang='lat' dir='ltr'><strong>ai</strong></span> <span class='ocrx_word' id='word_1_201' title='bbox 574 1493 687 1517; x_wconf 81' lang='lat' dir='ltr'><strong>venturi</strong></span> <span class='ocrx_word' id='word_1_202' title='bbox 714 1492 724 1516; x_wconf 84' lang='lat'><em>1</em></span> <span class='ocrx_word' id='word_1_203' title='bbox 743 1492 839 1516; x_wconf 81' lang='lat' dir='ltr'><strong>meriti</strong></span> <span class='ocrx_word' id='word_1_204' title='bbox 859 1491 889 1515; x_wconf 86' lang='lat' dir='ltr'><strong>di</strong></span> <span class='ocrx_word' id='word_1_205' title='bbox 917 1491 1045 1520; x_wconf 82' lang='lat' dir='ltr'><strong>Matilde,</strong></span> <span class='ocrx_word' id='word_1_206' title='bbox 1067 1498 1113 1515; x_wconf 81' lang='lat' dir='ltr'><strong>ma</strong></span> <span class='ocrx_word' id='word_1_207' title='bbox 1132 1489 1232 1523; x_wconf 68' lang='lat' dir='ltr'><strong>perche</strong></span> <span class='ocrx_word' id='word_1_208' title='bbox 1250 1491 1288 1514; x_wconf 87' lang='lat' dir='ltr'><strong>ri-</strong></span> 
     </span>
     <span class='ocr_line' id='line_1_22' title="bbox 391 1532 1288 1566; baseline -0.003 -7"><span class='ocrx_word' id='word_1_209' title='bbox 391 1535 509 1560; x_wconf 78' lang='lat' dir='ltr'><strong>oordare</strong></span> <span class='ocrx_word' id='word_1_210' title='bbox 527 1534 701 1559; x_wconf 80' lang='lat' dir='ltr'><strong>Mardocheo</strong></span> <span class='ocrx_word' id='word_1_211' title='bbox 719 1541 734 1558; x_wconf 87' lang='lat' dir='ltr'><strong>e</strong></span> <span class='ocrx_word' id='word_1_212' title='bbox 753 1534 781 1559; x_wconf 74' lang='lat' dir='ltr'><strong>in</strong></span> <span class='ocrx_word' id='word_1_213' title='bbox 799 1534 979 1566; x_wconf 80' lang='lat' dir='ltr'><strong>ricompensa</strong></span> <span class='ocrx_word' id='word_1_214' title='bbox 999 1533 1049 1558; x_wconf 88' lang='lat' dir='ltr'><strong>che</strong></span> <span class='ocrx_word' id='word_1_215' title='bbox 1068 1533 1126 1565; x_wconf 76' lang='lat' dir='ltr'><strong>egli</strong></span> <span class='ocrx_word' id='word_1_216' title='bbox 1148 1532 1238 1557; x_wconf 85' lang='lat' dir='ltr'><strong>ebbe?</strong></span> <span class='ocrx_word' id='word_1_217' title='bbox 1256 1532 1288 1557; x_wconf 88' lang='lat' dir='ltr'><strong>Io</strong></span> 
     </span>
     <span class='ocr_line' id='line_1_23' title="bbox 391 1567 1288 1609; baseline -0.002 -8"><span class='ocrx_word' id='word_1_218' title='bbox 391 1577 475 1602; x_wconf 84' lang='lat' dir='ltr'><strong>credo</strong></span> <span class='ocrx_word' id='word_1_219' title='bbox 495 1577 546 1602; x_wconf 83' lang='lat' dir='ltr'><strong>che</strong></span> <span class='ocrx_word' id='word_1_220' title='bbox 565 1576 594 1601; x_wconf 80' lang='lat' dir='ltr'><strong>la</strong></span> <span class='ocrx_word' id='word_1_221' title='bbox 612 1567 793 1609; x_wconf 67' lang='lat' dir='ltr'><strong>s&#39;piegazione</strong></span> <span class='ocrx_word' id='word_1_222' title='bbox 811 1577 836 1600; x_wconf 82' lang='lat' dir='ltr'><strong>si</strong></span> <span class='ocrx_word' id='word_1_223' title='bbox 857 1575 939 1600; x_wconf 75' lang='lat' dir='ltr'><strong>abbia</strong></span> <span class='ocrx_word' id='word_1_224' title='bbox 958 1575 1082 1600; x_wconf 85' lang='lat' dir='ltr'><strong>tenendo</strong></span> <span class='ocrx_word' id='word_1_225' title='bbox 1095 1577 1225 1608; x_wconf 74' lang='lat' dir='ltr'><strong>presente</strong></span> <span class='ocrx_word' id='word_1_226' title='bbox 1239 1575 1288 1599; x_wconf 87' lang='lat' dir='ltr'><strong>che</strong></span> 
     </span>
    </p>
   </div>
   <div class='ocr_carea' id='block_1_6' title="bbox 2191 0 2288 3476">
    <p class='ocr_par' dir='ltr' id='par_1_10' title="bbox 2191 0 2288 3476">
     <span class='ocr_line' id='line_1_24' title="bbox 2247 0 2288 791; baseline 0 0"><span class='ocrx_word' id='word_1_227' title='bbox 2247 0 2288 791; x_wconf 95' lang='lat' dir='ltr'><strong>     </strong></span> 
     </span>
     <span class='ocr_line' id='line_1_25' title="bbox 2246 887 2288 1101; baseline 0 -53"><span class='ocrx_word' id='word_1_228' title='bbox 2246 887 2288 1101; x_wconf 95' lang='lat' dir='ltr'><strong>    </strong></span> 
     </span>
     <span class='ocr_line' id='line_1_26' title="bbox 2246 1101 2288 1204; baseline 0 0"><span class='ocrx_word' id='word_1_229' title='bbox 2246 1101 2288 1204; x_wconf 95' lang='lat' dir='ltr'><strong>  </strong></span> 
     </span>
     <span class='ocr_line' id='line_1_27' title="bbox 2247 1204 2288 1327; baseline 0 -68"><span class='ocrx_word' id='word_1_230' title='bbox 2247 1204 2288 1327; x_wconf 95' lang='lat' dir='ltr'><strong>  </strong></span> 
     </span>
     <span class='ocr_line' id='line_1_28' title="bbox 2244 1327 2288 1413; baseline 0 -43"><span class='ocrx_word' id='word_1_231' title='bbox 2244 1327 2288 1413; x_wconf 95' lang='lat' dir='ltr'><strong>  </strong></span> 
     </span>
     <span class='ocr_line' id='line_1_29' title="bbox 2191 1413 2288 3476; baseline 0 0"><span class='ocrx_word' id='word_1_232' title='bbox 2191 1413 2288 3476; x_wconf 95' lang='lat' dir='ltr'><strong>   </strong></span> 
     </span>
    </p>
   </div>
   <div class='ocr_carea' id='block_1_7' title="bbox 1343 1276 2258 1607">
    <p class='ocr_par' dir='ltr' id='par_1_11' title="bbox 1343 1276 2243 1431">
     <span class='ocr_line' id='line_1_30' title="bbox 1345 1276 2242 1310; baseline 0 -8"><span class='ocrx_word' id='word_1_233' title='bbox 1345 1277 1379 1302; x_wconf 88' lang='lat' dir='ltr'><strong>D.</strong></span> <span class='ocrx_word' id='word_1_234' title='bbox 1399 1278 1428 1302; x_wconf 79' lang='lat' dir='ltr'><strong>sa</strong></span> <span class='ocrx_word' id='word_1_235' title='bbox 1446 1278 1497 1302; x_wconf 88' lang='lat' dir='ltr'><strong>che</strong></span> <span class='ocrx_word' id='word_1_236' title='bbox 1516 1277 1589 1310; x_wconf 74' lang='lat' dir='ltr'><strong>parii</strong></span> <span class='ocrx_word' id='word_1_237' title='bbox 1610 1276 1740 1302; x_wconf 71' lang='lat' dir='ltr'><strong>Canossa</strong></span> <span class='ocrx_word' id='word_1_238' title='bbox 1759 1285 1774 1302; x_wconf 86' lang='lat' dir='ltr'><strong>e</strong></span> <span class='ocrx_word' id='word_1_239' title='bbox 1793 1277 1900 1302; x_wconf 82' lang='lat' dir='ltr'><strong>ricordi</strong></span> <span class='ocrx_word' id='word_1_240' title='bbox 1915 1278 1989 1302; x_wconf 84' lang='lat' dir='ltr'><strong>tutte</strong></span> <span class='ocrx_word' id='word_1_241' title='bbox 2002 1277 2030 1302; x_wconf 87' lang='lat' dir='ltr'><strong>le</strong></span> <span class='ocrx_word' id='word_1_242' title='bbox 2042 1277 2242 1303; x_wconf 75' lang='lat' dir='ltr'><strong>benemerenze</strong></span> 
     </span>
     <span class='ocr_line' id='line_1_31' title="bbox 1344 1318 2243 1353; baseline 0.001 -8"><span class='ocrx_word' id='word_1_243' title='bbox 1344 1321 1374 1345; x_wconf 79' lang='lat' dir='ltr'><strong>di</strong></span> <span class='ocrx_word' id='word_1_244' title='bbox 1393 1328 1454 1345; x_wconf 86' lang='lat' dir='ltr'><strong>essa</strong></span> <span class='ocrx_word' id='word_1_245' title='bbox 1473 1327 1555 1345; x_wconf 78' lang='lat' dir='ltr'><strong>rocca</strong></span> <span class='ocrx_word' id='word_1_246' title='bbox 1574 1327 1657 1344; x_wconf 85' lang='lat' dir='ltr'><strong>verso</strong></span> <span class='ocrx_word' id='word_1_247' title='bbox 1672 1321 1680 1344; x_wconf 84' lang='lat' dir='ltr'><strong>i</strong></span> <span class='ocrx_word' id='word_1_248' title='bbox 1702 1321 1764 1345; x_wconf 86' lang='lat' dir='ltr'><strong>suoi</strong></span> <span class='ocrx_word' id='word_1_249' title='bbox 1785 1320 1902 1353; x_wconf 78' lang='lat' dir='ltr'><strong>Signori</strong></span> <span class='ocrx_word' id='word_1_250' title='bbox 1917 1318 2096 1353; x_wconf 74' lang='lat' dir='ltr'><strong>deplorando</strong></span> <span class='ocrx_word' id='word_1_251' title='bbox 2108 1319 2139 1344; x_wconf 82' lang='lat' dir='ltr'><strong>di</strong></span> <span class='ocrx_word' id='word_1_252' title='bbox 2152 1324 2243 1346; x_wconf 69' lang='lat' dir='ltr'><strong>essere</strong></span> 
     </span>
     <span class='ocr_line' id='line_1_32' title="bbox 1343 1361 2243 1396; baseline 0.002 -9"><span class='ocrx_word' id='word_1_253' title='bbox 1343 1365 1516 1388; x_wconf 81' lang='lat' dir='ltr'><strong>trascurata:</strong></span> <span class='ocrx_word' id='word_1_254' title='bbox 1537 1362 1608 1392; x_wconf 70' lang='lat' dir='ltr'><strong>cioe,</strong></span> <span class='ocrx_word' id='word_1_255' title='bbox 1628 1366 1831 1394; x_wconf 81' lang='lat' dir='ltr'><strong>oscuramente,</strong></span> <span class='ocrx_word' id='word_1_256' title='bbox 1851 1363 1888 1388; x_wconf 91' lang='lat' dir='ltr'><strong>D.</strong></span> <span class='ocrx_word' id='word_1_257' title='bbox 1907 1370 2055 1396; x_wconf 74' lang='lat' dir='ltr'><strong>paragona</strong></span> <span class='ocrx_word' id='word_1_258' title='bbox 2072 1361 2202 1389; x_wconf 76' lang='lat' dir='ltr'><strong>Canona</strong></span> <span class='ocrx_word' id='word_1_259' title='bbox 2225 1370 2243 1389; x_wconf 74' lang='lat' dir='ltr'><strong>n</strong></span> 
     </span>
     <span class='ocr_line' id='line_1_33' title="bbox 1344 1404 2108 1431; baseline 0.001 -1"><span class='ocrx_word' id='word_1_260' title='bbox 1344 1405 1515 1430; x_wconf 89' lang='lat' dir='ltr'><strong>Mardocheo</strong></span> <span class='ocrx_word' id='word_1_261' title='bbox 1535 1405 1724 1431; x_wconf 73' lang='lat' dir='ltr'><strong>dlmenticato</strong></span> <span class='ocrx_word' id='word_1_262' title='bbox 1743 1413 1758 1430; x_wconf 86' lang='lat' dir='ltr'><strong>e</strong></span> <span class='ocrx_word' id='word_1_263' title='bbox 1778 1405 1900 1430; x_wconf 83' lang='lat' dir='ltr'><strong>Matilde</strong></span> <span class='ocrx_word' id='word_1_264' title='bbox 1918 1405 1955 1430; x_wconf 72' lang='lat' dir='ltr'><strong>ad</strong></span> <span class='ocrx_word' id='word_1_265' title='bbox 1974 1404 2108 1431; x_wconf 75' lang='lat' dir='ltr'><strong>Assuero.</strong></span> 
     </span>
    </p>

    <p class='ocr_par' dir='ltr' id='par_1_12' title="bbox 1343 1446 2258 1607">
     <span class='ocr_line' id='line_1_34' title="bbox 1431 1446 2258 1481; baseline -0.001 -9"><span class='ocrx_word' id='word_1_266' title='bbox 1431 1446 1443 1463; x_wconf 79' lang='lat'><em>³</em></span> <span class='ocrx_word' id='word_1_267' title='bbox 1461 1447 1485 1472; x_wconf 79' lang='lat'><strong>11</strong></span> <span class='ocrx_word' id='word_1_268' title='bbox 1500 1455 1583 1472; x_wconf 84' lang='lat' dir='ltr'><strong>senso</strong></span> <span class='ocrx_word' id='word_1_269' title='bbox 1596 1448 1626 1472; x_wconf 92' lang='lat' dir='ltr'><strong>di</strong></span> <span class='ocrx_word' id='word_1_270' title='bbox 1639 1449 1736 1480; x_wconf 83' lang='lat' dir='ltr'><strong>queste</strong></span> <span class='ocrx_word' id='word_1_271' title='bbox 1749 1448 1848 1481; x_wconf 75' lang='lat' dir='ltr'><strong>parole</strong></span> <span class='ocrx_word' id='word_1_272' title='bbox 1860 1446 1875 1473; x_wconf 74' lang='grc' dir='ltr'><strong>ἑ·</strong></span> <span class='ocrx_word' id='word_1_273' title='bbox 1889 1448 2019 1481; x_wconf 77' lang='lat' dir='ltr'><strong>spieguto</strong></span> <span class='ocrx_word' id='word_1_274' title='bbox 2037 1448 2085 1473; x_wconf 82' lang='lat' dir='ltr'><strong>nei</strong></span> <span class='ocrx_word' id='word_1_275' title='bbox 2103 1455 2163 1481; x_wconf 72' lang='lat' dir='ltr'><strong>cnp.</strong></span> <span class='ocrx_word' id='word_1_276' title='bbox 2175 1446 2243 1474; x_wconf 82' lang='lat' dir='ltr'><strong>x1x</strong></span> <span class='ocrx_word' id='word_1_277' title='bbox 2256 1469 2258 1471; x_wconf 74' lang='grc'><strong>,</strong></span> 
     </span>
     <span class='ocr_line' id='line_1_35' title="bbox 1343 1489 2258 1522; baseline 0 -7"><span class='ocrx_word' id='word_1_278' title='bbox 1343 1498 1358 1514; x_wconf 90' lang='lat' dir='ltr'><strong>e</strong></span> <span class='ocrx_word' id='word_1_279' title='bbox 1376 1489 1442 1515; x_wconf 87' lang='lat' dir='ltr'><strong>XXI</strong></span> <span class='ocrx_word' id='word_1_280' title='bbox 1460 1490 1507 1515; x_wconf 88' lang='lat' dir='ltr'><strong>del</strong></span> <span class='ocrx_word' id='word_1_281' title='bbox 1526 1490 1559 1515; x_wconf 90' lang='lat' dir='ltr'><strong>L.</strong></span> <span class='ocrx_word' id='word_1_282' title='bbox 1579 1490 1619 1515; x_wconf 72' lang='lat'><strong>112</strong></span> <span class='ocrx_word' id='word_1_283' title='bbox 1638 1491 1701 1515; x_wconf 86' lang='lat' dir='ltr'><strong>solo</strong></span> <span class='ocrx_word' id='word_1_284' title='bbox 1720 1490 1843 1515; x_wconf 78' lang='lat' dir='ltr'><strong>Matilde</strong></span> <span class='ocrx_word' id='word_1_285' title='bbox 1862 1497 1965 1522; x_wconf 74' lang='lat' dir='ltr'><strong>sapen</strong></span> <span class='ocrx_word' id='word_1_286' title='bbox 1984 1491 2138 1515; x_wconf 77' lang='lat' dir='ltr'><strong>contenere</strong></span> <span class='ocrx_word' id='word_1_287' title='bbox 2156 1489 2258 1515; x_wconf 73' lang='lat' dir='ltr'><strong>lvio-</strong></span> 
     </span>
     <span class='ocr_line' id='line_1_36' title="bbox 1343 1532 2235 1566; baseline 0.001 -9"><span class='ocrx_word' id='word_1_288' title='bbox 1343 1533 1415 1557; x_wconf 77' lang='lat' dir='ltr'><strong>lenti</strong></span> <span class='ocrx_word' id='word_1_289' title='bbox 1435 1532 1493 1562; x_wconf 88' lang='lat' dir='ltr'><strong>che,</strong></span> <span class='ocrx_word' id='word_1_290' title='bbox 1514 1540 1624 1565; x_wconf 75' lang='lat' dir='ltr'><strong>appenu</strong></span> <span class='ocrx_word' id='word_1_291' title='bbox 1644 1534 1737 1557; x_wconf 74' lang='lat' dir='ltr'><strong>morta</strong></span> <span class='ocrx_word' id='word_1_292' title='bbox 1755 1533 1784 1558; x_wconf 77' lang='lat' dir='ltr'><strong>la</strong></span> <span class='ocrx_word' id='word_1_293' title='bbox 1803 1532 1952 1563; x_wconf 77' lang='lat' dir='ltr'><strong>Contessa,</strong></span> <span class='ocrx_word' id='word_1_294' title='bbox 1972 1534 2115 1566; x_wconf 69' lang='lat' dir='ltr'><strong>rIprest-ro</strong></span> <span class='ocrx_word' id='word_1_295' title='bbox 2133 1532 2161 1557; x_wconf 84' lang='lat' dir='ltr'><strong>le</strong></span> <span class='ocrx_word' id='word_1_296' title='bbox 2178 1532 2203 1557; x_wconf 87' lang='lat' dir='ltr'><strong>l·</strong></span> <span class='ocrx_word' id='word_1_297' title='bbox 2232 1546 2235 1553; x_wconf 72' lang='grc' dir='ltr'>ι</span> 
     </span>
     <span class='ocr_line' id='line_1_37' title="bbox 1344 1573 1511 1607; baseline 0 -8"><span class='ocrx_word' id='word_1_298' title='bbox 1344 1573 1511 1607; x_wconf 66' lang='lat' dir='ltr'><strong>malvagIts.</strong></span> 
     </span>
    </p>
   </div>
  </div>
 </body>
</html>
