2288 3476
195 1589 271 1613 Mun„
286 1595 325 1614 49³

217 1863 237 1878 c.
250 1857 298 1882 8³¹¹

330 2660 363 2678 10

385 377 465 411 tem,
481 372 595 404 verbis
609 373 711 405 valde
728 372 964 415 ignominiosis
979 372 1182 414 increpavit.
1221 373 1387 404 Attamen
1403 372 1560 405 Astensis
1575 373 1668 407 idem
1683 384 1747 416 per
1762 374 2038 408 ammonitionem
2054 375 2218 409 Yanuen-

386 425 432 458 sis
455 436 582 469 sueque
606 425 807 458 humilitatis
829 432 908 468 post
931 426 1035 459 talem
1058 436 1154 457 suam
1169 426 1391 468 ignominiam
1408 437 1469 458 sua
1492 432 1527 459 et
1542 437 1680 459 suorum
1695 428 1919 461 servientium
1942 429 2051 472 spolia
2074 429 2228 473 recepit,

385 484 487 521 atque
511 479 546 510 in
570 479 679 510 altera
704 479 760 510 die
784 478 1007 518 ordinationi,
1031 489 1133 521 quam
1157 478 1210 511 illi
1233 479 1301 510 duo
1325 479 1480 522 episcopi
1494 479 1504 497 ¹
1521 480 1565 512 de
1589 480 1757 514 Yordano
1773 482 1942 521 fecerunt,
1963 482 2132 520 interfuit,
2148 493 2219 517 nou

387 537 423 564 ut
445 532 626 574 episcopus
649 532 804 569 indutus;
829 533 890 564 sed
913 538 949 564 ut
971 532 1082 564 viator
1105 542 1228 564 carens
1250 542 1418 571 sermone,
1441 533 1548 575 ipsam
1575 533 1827 568 ordinationem
1850 535 2029 578 spectavit.

386 584 420 617 in
446 585 606 623 ecclesia,
629 595 694 627 que
718 584 843 617 dicitur
867 585 1031 623 Yemalis‚
1054 585 1225 618 ordinatio
1248 586 1314 618 ista
1337 586 1514 630 agebatur,
1538 587 1631 620 cives
1657 598 1721 629 pro
1751 588 1819 620 hac
1841 599 1879 621 re
1910 588 2020 631 prelia
2050 588 2226 632 gerebant.

386 637 591 670 canonicam
621 637 807 680 presbiteri
837 638 1007 681 Johannis
1040 637 1164 671 Aculei
1190 638 1394 681 spoliabant.

874 241 1187 278 LANDULPHI
1217 243 1287 277 DE
1315 242 1524 278 SANCTO
1553 242 1732 280 PAULO

1879 249 1933 284 [A.
1953 251 2044 282 1112,
2064 251 2102 278 A.
2124 252 2230 280 11⁰⁶

2074 536 2119 568 Et
2135 537 2218 569 dum

1439 640 1542 672 Tunc
1573 641 1794 684 quamplures
1823 652 1926 684 super
1956 642 2021 674 hac
2051 652 2156 675 causa
2192 666 2199 670 -
2214 658 2223 670 ι

386 690 604 723 ordinatione
627 692 897 729 murmurabant;
921 692 957 724 in
981 702 1049 734 quo
1072 703 1243 724 murmure
1268 692 1424 735 episcopi
1446 695 1727 736 supranominati,
1743 694 1909 728 videlicet
1924 695 1999 728 Azo
2013 694 2025 712 ²
2047 694 2164 739 Aque·
2180 695 2224 725 Αἰ·
2260 687 2263 701 ³

386 749 421 776 et
444 744 636 776 Ardericus
658 744 864 783 Laudensis,
887 745 1050 778 videntur
1072 745 1189 777 fuisse.

384 797 499 829 nensis
520 797 616 829 illico
640 797 790 830 Romam
814 798 922 830 adivit
945 804 980 830 et
1002 799 1124 831 stolam
1148 798 1257 840 petiit.

1234 745 1411 789 Vigilante
1433 746 1551 789 itaque
1574 747 1640 780 hoc
1663 758 1846 786 murmure,
1869 747 2070 781 Mainardus
2096 749 2218 783 Taurii·
2261 744 2265 778 ἒ

1303 799 1350 832 Et
1364 799 1505 832 rediens
1526 800 1618 839 inde,
1635 801 1758 834 stolam
1776 807 1811 834 et
1826 808 1968 841 cartam,
1984 796 2221 836 continente·¹

386 857 646 889 sacramentum,
680 851 774 894 quod
805 862 895 894 papa
924 851 1091 894 poscebat
1113 863 1134 884 a
1163 852 1342 890 Yordano,
1372 853 1484 891 atulit;
1509 853 1659 897 alioquin
1683 854 1805 887 stolam
1830 854 1907 887 dari
1936 855 2105 890 Yordano
2127 867 2190 899 pa
2212 858 2216 860 ’
2262 868 2264 879 1

383 903 572 945 prohibuit,
602 904 693 937 sicut
722 905 814 938 idem
846 905 1049 938 Mainardus
1078 905 1219 938 notavit.

385 956 506 989 stolam
531 967 600 990 non
623 957 744 989 habuit
757 957 781 990 ⁸.

471 1055 525 1086 33.
551 1073 590 1077 -
615 1055 687 1087 Sed
711 1055 804 1087 infra
828 1055 895 1087 hoc
927 1056 1074 1097 spatium
1106 1065 1144 1087 XI
1175 1056 1355 1094 mensium,
1385 1056 1564 1090 Bernardo
1596 1058 1762 1100 episcopo
1792 1058 1955 1100 Papiensi
1986 1065 2021 1092 et
2048 1059 2224 1093 Yordano*

383 1106 640 1140 Mediolanensi
658 1108 962 1146 consentientibus,
978 1108 1166 1150 Papienses
1183 1115 1217 1141 et
1233 1109 1512 1142 Mediolanenses
1529 1116 1721 1143 statuerunt
1737 1117 1772 1144 et
1785 1111 1990 1155 juraverunt
2004 1111 2070 1145 sibi
2084 1112 2219 1152 federa.

386 1172 452 1204 que
475 1161 617 1194 nimium
641 1162 848 1205 quibusdam
872 1162 1033 1194 videntur
1056 1162 1159 1194 fuisse
1183 1163 1406 1205 imperatorie
1429 1164 1601 1207 majestati
1630 1170 1665 1196 et
1688 1165 1878 1207 apostolice
1909 1165 2104 1199 auctoritati
2134 1176 2230 1200 con-f
2263 1179 2266 1195 a

384 1215 502 1255 traria,
527 1220 563 1248 et
585 1226 663 1247 cum
686 1215 742 1248 isti
765 1215 861 1248 cives
881 1215 1035 1259 jurarent
1057 1216 1123 1248 sibi
1147 1226 1285 1249 servare
1308 1226 1345 1248 se
1363 1222 1398 1249 et
1420 1227 1482 1249 sua
1504 1223 1626 1250 contra
1643 1219 1830 1260 quemlibet
1846 1219 2024 1252 mortalem
2046 1219 2221 1253 hominem

385 1274 501 1301 natum
523 1268 580 1301 vel
602 1268 824 1301 nasciturum.

475 1368 528 1399 34.
553 1385 593 1389 -
617 1366 739 1399 Putavi
762 1377 833 1398 non
857 1367 1124 1408 pretereundum
1149 1367 1319 1406 senentio,
1343 1368 1438 1410 quod
1462 1369 1607 1400 durante
1631 1369 1691 1401 lite
1714 1369 1909 1409 Grosulani,
1931 1369 2066 1403 scilicet
2093 1370 2176 1402 1105
2201 1369 2235 1408 7Λ

383 1420 461 1453 idus
482 1419 592 1458 maiis,
616 1419 755 1452 invente
779 1425 858 1451 sunt
880 1419 1028 1463 reliquie
1052 1420 1202 1462 pretiose
1225 1421 1261 1453 in
1277 1421 1436 1453 Ecclesia
1460 1421 1589 1454 Sancte
1606 1421 1718 1455 Marie
1743 1423 1787 1454 ad
1810 1422 1950 1455 Portam
1962 1423 1990 1462 ⁴3
2006 1424 2099 1457 unde
2123 1424 2220 1456 ordi-

384 1473 472 1506 narii
496 1483 574 1505 cum
597 1472 759 1505 universo
782 1472 875 1505 clero
899 1478 1092 1505 statuerunt
1114 1474 1240 1505 festum
1263 1474 1440 1515 solempne
1464 1474 1525 1506 illa
1548 1474 1604 1507 die
1627 1475 1663 1506 in
1679 1475 1828 1508 ecclesia
1849 1476 2021 1518 predicta.
2067 1477 2108 1510 In
2123 1477 2229 1522 cujus*¹

384 1526 434 1558 rei
459 1526 689 1559 testimonium
713 1525 808 1558 taliis
831 1532 924 1558 extat
946 1525 1108 1568 epistola:
1133 1526 1314 1559 Ordinarii
1347 1526 1567 1560 cardinales⁶
1598 1534 1718 1560 sancte
1747 1529 2020 1562 Mediolanensis
2050 1529 2188 1563 Ecclesi
2212 1558 2229 1573 4

387 1589 526 1612 necnon
549 1585 584 1611 et
606 1578 824 1621 primicerius
848 1588 927 1610 cum
949 1578 1110 1611 universo
1133 1579 1328 1612 sacerdotio
1353 1586 1388 1612 et
1412 1580 1508 1612 clero
1531 1581 1800 1614 Mediolanensi'
1823 1583 2001 1625 omnisque
2022 1583 2172 1626 populus
2187 1593 2207 1616 e

385 1633 496 1665 omnis
513 1633 599 1665 ordo
615 1633 802 1676 laycorum,
819 1631 977 1664 omnibus
991 1632 1230 1665 sacerdotibus
1246 1638 1280 1665 et
1296 1634 1433 1666 clericis
1448 1639 1483 1666 et
1497 1634 1606 1677 laycis
1622 1634 1869 1678 cuiuscumque
1885 1635 2050 1676 ordinis,
2040 1647 2076 1668 m
2089 1636 2230 1671 diocesi
2264 1651 2267 1685 g

385 1684 658 1719 Mediolanensis
689 1686 837 1718 ecclesie
869 1686 1077 1724 constitutis,
1109 1696 1231 1727 pacem
1257 1692 1291 1718 et
1312 1686 1455 1719 salutem
1480 1698 1501 1719 a
1524 1687 1670 1720 Domino
1694 1693 1728 1720 et
1751 1688 1845 1730 pleni
1868 1689 2002 1732 gaudiis
2030 1689 2229 1733 participa·
2263 1687 2267 1734 Ι

384 1740 524 1772 tionem.
571 1738 744 1778 Quoniam
767 1740 855 1771 ratio
872 1739 1066 1781 expostulat
1081 1745 1115 1770 et
1131 1739 1272 1782 dignum
1297 1746 1359 1778 est,
1381 1746 1420 1772 ut
1435 1741 1609 1773 exultante
1627 1742 1755 1783 capite,
1772 1747 1891 1774 cetera
1907 1753 2044 1786 quoque
2067 1743 2220 1778 membra

387 1793 588 1825 exultationi
605 1792 858 1835 congaudeant,
874 1793 982 1825 ideo'
972 1802 1161 1825 lmmensae
1178 1793 1322 1831 letitiae,
1338 1804 1440 1836 quam
1463 1794 1563 1826 nobis
1578 1795 1754 1827 immeritis
1770 1801 1805 1828 et
1827 1795 2088 1838 insperantibus
2103 1796 2227 1834 divina

387 1846 569 1878 clementia
592 1845 746 1883 contulit,
762 1855 825 1877 vos
841 1851 978 1878 exortes
1000 1856 1075 1878 esse
1092 1856 1161 1878 non
1177 1847 1343 1879 volumus.

386 1909 472 1939 mus,
502 1899 663 1942 quoniam
694 1898 951 1931 inextimabiles
981 1899 1159 1932 thesauros
1182 1905 1216 1931 et
1238 1900 1529 1942 incomparabiles
1559 1901 1774 1944 margaritas,
1806 1902 1880 1935 sole
1909 1902 2163 1945 splendidiores
2185 1908 2225 1936 et

385 1952 478 1984 omni
500 1957 653 1984 aromate
677 1952 917 1995 fragantiores‚
942 1952 1059 1984 divino
1083 1959 1167 1984 nutu
1190 1959 1226 1985 et
1241 1963 1380 1984 munere
1404 1964 1516 1995 nuper
1538 1954 1747 1992 invenimus;
1770 1955 1935 1988 videlicet
1956 1961 2089 1998 partem
2105 1957 2151 1989 de
2165 1967 2223 1991 sm.

387 2006 484 2038 dario
507 2005 658 2043 Domini,
680 2011 715 2037 et
731 2006 775 2038 de
791 2006 949 2049 syndone
972 2005 1058 2042 eius,
1075 2011 1109 2038 et
1125 2005 1168 2038 de
1192 2006 1310 2048 lapide
1333 2006 1392 2039 ubi
1408 2007 1570 2039 sederunt
1586 2008 1702 2050 angeli
1721 2009 1922 2041 nunciantes
1945 2010 2219 2043 resurectionem

386 2059 527 2092 Domini
551 2059 658 2091 nostri
682 2058 779 2090 Yesu
802 2058 942 2098 Christi,
964 2064 998 2090 et
1021 2059 1064 2091 de
1088 2058 1236 2101 probato
1251 2059 1347 2103 ligno
1362 2059 1536 2092 salvificae
1553 2061 1666 2092 crucis
1681 2060 1862 2094 salvatoris
1877 2062 1996 2100 nostri,
2013 2068 2048 2096 et
2064 2063 2107 2095 de
2123 2074 2177 2096 ve
2208 2079 2235 2090 -=

478 2172 518 2200 18.
536 2175 625 2201 XXII.
641 2175 683 2200 Dc
701 2175 765 2207 testo
781 2175 873 2207 Agios,
892 2175 961 2207 quod
977 2174 1007 2207 fit
1025 2175 1060 2200 ad
1077 2175 1204 2201 Sandam
1221 2175 1344 2200 Mariam
1362 2176 1397 2201 ad
1413 2177 1517 2208 portam
1539 2176 1702 2202 Vercelinam
1720 2177 1762 2202 die
1780 2184 1796 2210 9
1815 2175 1898 2202 maii‘

1280 904 1337 938 Ab
1367 905 1553 939 Yordanus
1583 917 1647 949 per
1677 917 1715 939 xx
1746 918 1881 940 menses
1909 907 2046 952 jejunus
2076 909 2153 947 fuit,
2190 922 2227 946 :aff

1353 1846 1358 1860 '
1406 1847 1534 1879 Notum
1551 1847 1657 1891 igitur
1672 1849 1889 1881 universitati
1904 1855 2019 1883 vestre
2034 1849 2108 1883 fieri
2122 1849 2232 1883 volu-³,

478 2271 517 2289 11.
536 2263 565 2289 11
581 2263 665 2288 SAssi
682 2263 718 2289 ha
734 2263 856 2296 preterito
875 2264 975 2296 seguire
993 2264 1018 2288 R
1035 2263 1080 2289 che
1099 2263 1134 2289 ha
1152 2271 1207 2294 sex,
1225 2266 1322 2289 mentre
1340 2264 1377 2297 gli
1395 2264 1457 2290 altri
1474 2265 1524 2290 due
1542 2265 1614 2291 codd.
1634 2265 1723 2290 hanno
1742 2273 1774 2290 XI
1794 2279 1827 2284 —
1846 2273 1888 2291 21.
1906 2266 1943 2291 In
1961 2266 2078 2299 margine
2095 2266 2118 2292 il
2172 2279 2177 2288 ι

387 2308 470 2332 calore
487 2306 515 2331 di
532 2306 562 2331 H
580 2309 661 2339 pom:
681 2308 841 2340 exemplum
861 2306 938 2332 bulle

477 2394 485 2411 ¹
506 2394 577 2421 Cioe
595 2395 717 2421 Arialdo
737 2395 768 2420 di
787 2395 905 2420 Genova
918 2403 933 2420 e
947 2396 1099 2420 Mainardo
1112 2395 1143 2420 dl
1155 2395 1276 2420 Torino.

477 2436 488 2453 ²
507 2439 606 2462 Azone
626 2439 726 2462 scrisse
745 2438 779 2462 ad
798 2437 904 2462 Enrico
924 2437 950 2461 V
969 2445 1025 2462 una
1044 2438 1145 2463 lettera
1166 2435 1226 2471 (che
1247 2438 1276 2462 su

388 2480 552 2513 pubblicata
562 2480 598 2504 da
609 2479 644 2504 G.
656 2479 788 2504 Groamo
799 2480 924 2511 Eccum,
938 2483 980 2512 op.
992 2480 1044 2509 cit„
1059 2488 1086 2506 v.
1097 2479 1118 2509 Ι,
1128 2480 1183 2505 col.
1198 2479 1275 2513 267);

388 2530 490 2547 eccone
514 2530 553 2547 un
581 2523 670 2547 brano
696 2522 745 2546 che
772 2522 886 2547 illustra
911 2522 932 2546 il
958 2530 1042 2555 passo
1067 2523 1095 2547 di
1115 2522 1276 2547 Landolfo:

389 2565 646 2589 “Mediolanenses
673 2564 815 2597 quendam
846 2565 1101 2597 Archiepiscopum
1133 2565 1279 2597 elegerunt

391 2604 591 2640 “Uordanuml
610 2608 637 2631 et
656 2614 671 2631 a
691 2606 858 2638 quibusdam
883 2606 1071 2630 Parochianis
1090 2606 1149 2631 suis
1168 2604 1244 2639 [eloe
1268 2606 1279 2630 i

393 2649 469 2674 “due
498 2650 613 2674 vescovi
642 2648 823 2681 suffraganei]
854 2656 917 2673 eum
945 2649 1106 2674 consecrari
1139 2649 1279 2680 fecerunt:

390 2690 490 2724 “quod
509 2699 561 2724 ego
580 2691 682 2716 videns
702 2692 804 2716 contra
823 2691 936 2724 Imperii
959 2693 1045 2716 vestri
1059 2691 1197 2716 honorem
1210 2691 1280 2720 fieri,

390 2735 534 2758 “omnIno
555 2734 703 2763 interdixi,
722 2736 750 2758 et
769 2733 838 2758 licet
857 2735 890 2758 ab
913 2733 982 2766 ipsis
1007 2733 1128 2758 multum
1152 2734 1280 2765 rogatus,

390 2776 403 2790 ⁸
413 2775 576 2801 huiusmodi
598 2776 810 2800 consecrationi
825 2777 968 2806 interesse,
982 2783 1032 2800 nec
1047 2783 1189 2800 assensum
1203 2782 1280 2808 prae·

392 2818 479 2843 “bere
499 2818 594 2848 volui}
615 2819 674 2843 imo
694 2818 759 2842 dedi
779 2825 893 2850 operam
919 2818 1049 2850 erigendi
1075 2825 1207 2850 magnum
1234 2825 1280 2850 pa-

392 2861 515 2885 “rIetem
534 2861 636 2894 populi
655 2863 756 2886 contra
782 2861 927 2894 populum,
953 2861 1004 2885 sub
1029 2861 1179 2886 occasione
1204 2861 1281 2885 cuiu-

391 2902 494 2927 “sdam
514 2903 631 2928 alterius
650 2903 869 2936 Archiepiscopi
891 2901 1097 2936 [Grossulani],
1117 2911 1197 2935 quem
1217 2910 1283 2935 pars

389 2944 403 2957 ‘¹
416 2945 532 2969 illorum
553 2946 678 2969 intendit
697 2945 845 2978 deponere,
865 2946 920 2969 viri
941 2945 1053 2970 scilicet
1077 2945 1284 2978 perfectissime

391 2986 532 3018 “literati,
553 2989 581 3011 et
601 2989 717 3020 ingenio
736 2987 907 3012 astutissimi
927 2989 955 3011 et
974 2987 1211 3020 eloquentissimi,
1231 2986 1284 3011 Cu·

393 3028 476 3055 “riae
498 3031 607 3054 vestrae
632 3030 715 3055 valde
742 3031 905 3061 necessarii,
929 3031 1008 3064 cujus
1035 3032 1143 3062 partem
1168 3031 1284 3063 propter

1333 2395 1493 2421 “honorem
1515 2399 1638 2421 vestrum
1659 2398 1688 2421 in
1708 2398 1819 2422 tantum
1840 2398 1915 2429 auxi,
1934 2398 2008 2430 quod
2020 2398 2157 2423 medletas
2178 2410 2201 2418 ··

1333 2438 1346 2452 α
1357 2439 1420 2471 puli
1433 2441 1533 2463 contra
1547 2439 1726 2464 medietatem
1736 2440 1838 2473 populi
1848 2441 2006 2466 contendit.
2029 2440 2114 2466 Nunc
2124 2441 2186 2473 itaq
2212 2458 2226 2466 η
2265 2456 2267 2462 2

1333 2481 1346 2494 ⁸
1359 2480 1455 2505 videat
1474 2482 1565 2513 pietas
1584 2484 1688 2512 vestra,
1707 2482 1733 2506 si
1751 2482 1786 2507 ad
1812 2483 1864 2507 hoc
1890 2483 1989 2508 velitIs
2014 2490 2057 2508 me
2081 2483 2218 2509 laborare·
2236 2508 2237 2512 ,

1334 2522 1389 2547 “ut
1408 2524 1436 2547 et
1454 2524 1580 2556 populus
1601 2524 1649 2548 llle
1675 2526 1787 2549 maneat
1812 2525 1932 2555 divisus,
1957 2526 1986 2550 et
2011 2524 2146 2557 anthuus
2169 2524 2225 2551 111
2265 2535 2266 2538 “

1334 2565 1599 2598 '‘Archiepiscopus
1619 2575 1633 2591 a
1653 2568 1746 2591 vestra
1765 2566 1915 2591 Maiestate
1929 2567 2085 2600 adjuvetur,
2098 2559 2227 2598 scribens
2260 2571 2264 2575 ’

1335 2607 1395 2632 “do
1414 2609 1571 2641 praecipite
1581 2625 1606 2641 η.
1642 2608 1707 2633 Non
1730 2610 1828 2633 consta
1847 2609 1930 2640 quale
1948 2610 1991 2634 sia
2004 2610 2079 2634 stata
2091 2609 2120 2634 la
2133 2610 2185 2634 ris
2198 2620 2204 2630 ο
2216 2601 2221 2620 3
2265 2613 2267 2620 ’

1332 2651 1376 2674 sta
1395 2650 1425 2674 di
1445 2650 1559 2675 Enrico.

1421 2691 1431 2707 ³
1451 2691 1599 2717 Giordano
1618 2694 1754 2718 ricevette
1774 2693 1795 2717 il
1815 2693 1907 2727 pallio
1926 2694 1948 2718 11
1968 2692 1984 2718 6
1998 2693 2139 2719 ᾱίοειιιὶπε
2155 2700 2202 2719 112
2220 2685 2225 2709 Τ

1334 2731 1382 2766 (cs.
1402 2741 1429 2758 n.
1448 2733 1482 2765 36
1502 2734 1600 2766 sotto).
2208 2767 2218 2773 *a

1422 2774 1432 2791 ⁴
1450 2776 1570 2801 Intorno
1590 2776 1646 2801 alla
1672 2777 1766 2802 chiesa
1786 2777 1814 2802 di
1835 2776 1923 2803 Santa
1941 2777 2034 2802 Maria
2060 2777 2117 2803 alla
2135 2776 2176 2802 Ρο
2199 2789 2205 2797 =
2218 2790 2224 2801 ν.

1335 2818 1400 2842 vedi
1421 2818 1573 2849 anm,
1591 2821 1634 2850 op.
1653 2819 1706 2849 cit,
1719 2821 1798 2844 tomo
1818 2818 1864 2852 IV,
1879 2827 1906 2852 p.
1923 2819 1981 2852 167.
2016 2819 2056 2844 La
2074 2819 2204 2844 solenni

1335 2861 1364 2884 in
1391 2867 1480 2885 onore
1505 2860 1578 2886 delle
1604 2861 1724 2893 reliquie
1744 2863 1897 2887 rinvenute
1916 2869 1983 2894 pare
2000 2863 2043 2887 sia
2062 2862 2167 2887 nudata
2185 2861 2222 2893 Ιχ

1335 2903 1432 2927 disuso
1451 2903 1528 2937 dopo
1547 2904 1575 2928 la
1594 2904 1771 2929 distruzione
1784 2905 1859 2929 della
1879 2905 1950 2930 citta
1964 2905 2035 2929 satta
2053 2904 2101 2930 dal
2114 2904 2204 2930 Buba
2219 2922 2225 2936 ,

1337 2953 1417 2970 rossa
1437 2945 1539 2978 (1162)
2220 2944 2222 2948 ’

1424 2985 1434 3002 ⁵
1451 2988 1465 3012 Ι
1484 2989 1615 3013 canonici
1642 2988 1769 3014 ordinari
1796 2989 1872 3014 della
1896 2989 2123 3021 Metropolitum
2147 2988 2179 3014 dl
2201 3005 2206 3008 -

1338 3031 1419 3054 vansi
1441 3031 1528 3055 anche
1547 3031 1697 3056 cardinali.
