2288 3476
409 246 652 284 CARMINE
680 246 903 284 SCRIPTA
930 246 969 283 A
997 244 1276 282 DONIZONE
1302 244 1645 282 PRESBYTERO

504 368 603 408 Quos
625 369 748 403 sinodo
772 380 902 408 coram,
924 374 1119 402 statuerunt
1141 369 1280 402 mittere
1302 368 1461 401 Romam.

504 423 660 463 Quidam
682 422 864 457 Rolandus
886 422 1079 466 parmensis
1102 423 1262 463 clericus,
1284 428 1385 466 aptus

504 477 653 522 Eligitur
675 488 819 521 quarum
841 476 980 522 gerulus
1003 483 1086 510 tunc
1111 476 1347 510 litterularum.

591 531 768 574 Incipiens
791 531 952 564 sinodum
974 536 1090 573 pastor
1114 530 1315 574 Gregorius,
1340 540 1440 563 ovum

502 585 661 618 Gallinae
683 584 866 628 sculptum,
889 590 1030 628 gestans
1052 583 1087 615 in
1111 581 1239 616 cortice
1263 589 1408 623 scutum,

500 638 548 671 Et
569 637 750 671 colubrum
772 638 921 681 nigrum,
945 637 1002 680 qui
1023 636 1191 670 tendebat
1214 642 1328 679 caput,
1352 636 1426 669 ictu

501 691 644 734 Quippe
666 700 891 733 repercussus
914 690 1075 733 quodam,
1098 690 1296 734 pertingere
1319 700 1449 723 sursum

500 743 582 777 Non
605 750 751 787 poterat,
776 744 904 776 clinum
925 744 990 776 sed
1013 749 1133 776 ventre
1156 748 1258 775 tenus
1281 749 1387 785 caput
1409 743 1522 786 ipsum

501 797 668 830 Torserat
690 803 724 829 et
747 798 894 830 caudam
919 796 1128 839 triplicando
1153 796 1259 829 dabat
1281 796 1467 829 sinuatam:

501 851 582 884 Non
604 856 679 883 erat
700 851 789 883 haec
811 850 928 893 plana»,
951 849 1014 883 sed
1037 855 1112 882 erat
1135 849 1311 892 sculptura
1334 849 1457 888 levata,

499 904 558 938 Ad
580 905 738 938 sinodum
761 904 883 943 fertur,
908 914 1084 947 nunquam
1108 915 1172 946 par
1196 909 1276 936 ante
1300 910 1484 946 repertum.

501 955 609 996 Quod
633 958 713 990 dum
737 957 890 995 miratur,
913 956 1088 999 predictus
1110 962 1143 989 et
1167 966 1252 989 ecce
1276 957 1461 990 Rolandus

499 1011 540 1044 In
563 1011 714 1044 medium
738 1010 845 1050 venit,
867 1019 980 1053 papae
1003 1020 1083 1042 mox
1106 1009 1224 1042 dicere
1250 1009 1399 1052 caepit:'

499 1065 514 1081 ⁴⁴
528 1064 610 1098 Rex
631 1064 727 1097 iussit
750 1069 864 1097 terrae
887 1063 1062 1096 iusserunt
1084 1063 1348 1107 pontificesque,

386 599 456 625 ¹30⁰

387 866 396 884 ¹
404 866 454 892 305

66 2936 71 2946 1·
103 2907 343 2943 “nettrlplicavit
361 2911 490 2943 caudam,
508 2911 575 2943 quia
588 2911 703 2936 adiuvit
723 2919 751 2936 se
769 2919 832 2936 cum
851 2911 995 2944 aliquibus

13 2947 15 2950 ’
105 2950 255 2985 ’ριέιιῑ-ἰι,
275 2960 339 2978 cum
364 2953 531 2986 potentibus
555 2955 584 2977 et
608 2961 670 2978 cum
690 2953 877 2986 popularibus
896 2955 924 2978 et
941 2954 996 2978 hoc

105 2993 214 3019 “modo
228 2994 297 3019 fecit
309 2996 404 3020 sinum
413 3011 440 3027 ,μ
476 2994 563 3021 Forse
582 2994 726 3020 deil’uovo
745 2995 777 3020 di
795 2995 906 3029 gallina
925 3003 996 3020 aves

64 3069 68 3079 Ι
103 3034 166 3060 solo
185 3035 214 3061 la
234 3037 325 3062 forma
344 3044 359 3061 e
377 3037 530 3070 grandezza
543 3044 558 3062 e
570 3038 595 3061 si
615 3038 741 3062 trattava
761 3037 791 3062 di
803 3044 842 3062 un
861 3044 995 3062 commeo.

1052 2910 1065 2924 ‘¹
1076 2911 1264 2935 carceraverit
1276 2912 1304 2935 et
1318 2912 1509 2935 incarceratos
1524 2910 1663 2939 nuditate,
1678 2910 1793 2943 frigore,
1808 2910 1881 2934 same
1895 2911 1944 2934 siti

1050 2953 1062 2966 '⁸
1075 2955 1103 2977 et
1123 2953 1215 2986 plagis
1235 2954 1413 2982 contriverit,
1434 2954 1474 2978 sie
1487 2960 1540 2985 que
1554 2953 1664 2977 demum
1680 2954 1834 2985 martyrum
1853 2959 1945 2977 exem-

1051 2994 1064 3008 ¹‘
1076 2995 1125 3028 pio
1145 3002 1194 3027 per
1213 2995 1336 3021 medium
1356 2995 1487 3020 civitatis
1505 2995 1714 3020 circumductos
1734 2995 1867 3020 omnibus
1885 3001 1945 3027 spe-

1052 3038 1066 3051 “
1075 3038 1216 3062 ctaculurn
1235 3038 1365 3072 preebere
1384 3037 1500 3063 iusserit
1512 3056 1524 3070 „
1540 3038 1591 3069 (M.
1610 3037 1642 3063 G.
1659 3038 1703 3069 H„
1718 3038 1814 3070 Coum,
1833 3037 1854 3066 1,
1877 3037 1944 3069 113).

2031 1082 2052 1099 c.
2065 1082 2091 1101 ⁴5
2107 1083 2120 1097 r

384 1133 454 1159 1310
504 1120 518 1136 ‘⁶
531 1118 581 1151 Ut
603 1118 740 1161 linquas
762 1117 891 1155 sedem,
914 1127 1018 1160 quam
1042 1127 1111 1149 non
1135 1127 1172 1149 es
1195 1117 1321 1160 dignus
1343 1117 1472 1151 habere
1486 1143 1517 1158 „.

498 1171 668 1205 Romanis
691 1170 828 1204 clericis
851 1180 931 1203 mox
953 1170 1045 1203 idem
1069 1170 1218 1212 portitor
1241 1170 1371 1213 inquit:

502 1224 653 1258 “Costes
675 1224 710 1256 in
733 1223 842 1257 Pente
866 1223 1015 1257 Romam
1039 1228 1147 1256 testor
1168 1223 1288 1257 veniet
1310 1223 1391 1257 Rex

503 1280 518 1296 ‘⁴
531 1278 700 1311 Missurus
722 1277 864 1320 Papam,
887 1277 987 1320 lupus
1010 1276 1068 1309 hic
1090 1287 1160 1310 non
1183 1283 1235 1310 est
1259 1277 1340 1318 quia
1363 1289 1454 1321 papa
1468 1303 1498 1319 ,,.

495 1332 554 1366 Sic
578 1331 658 1365 dum
680 1331 909 1374 blasphemat,
931 1330 1110 1374 prefectus
1134 1341 1211 1363 eum
1236 1331 1400 1374 cupiebat

380 1400 447 1426 ¹3¹5
494 1385 626 1418 Privati
649 1385 719 1417 vita
740 1384 857 1428 gladio
882 1390 1072 1417 commotus
1094 1385 1129 1416 in
1154 1384 1215 1417 ira.

499 1437 606 1478 Quod
628 1438 768 1484 fecisset
791 1438 893 1480 enim,
917 1438 980 1471 sed
1003 1438 1037 1470 ei
1061 1443 1161 1480 pater
1185 1438 1294 1471 almus
1317 1439 1464 1472 adhesit.

496 1492 635 1536 Vixque
658 1499 778 1525 tacens
801 1499 932 1531 coetus,
955 1491 1100 1524 coelesti
1122 1491 1259 1524 flamine
1284 1492 1407 1534 plenus

496 1545 593 1589 Papa
616 1545 737 1578 beatus
760 1546 824 1583 ait;
853 1547 868 1563 ‘⁴
881 1544 1031 1577 Turbati
1054 1545 1201 1589 linquite
1225 1546 1307 1586 nati,

504 1602 518 1618 ‘¹
531 1598 736 1633 Aecclesiae
759 1603 901 1632 sanctae
923 1598 1068 1631 veniunt
1091 1599 1170 1642 quia
1195 1605 1353 1642 tempora
1376 1600 1479 1633 valde

186 1735 212 1752 v.
230 1725 310 1760 1296)
328 1727 367 1751 Al
385 1735 448 1759 quos
466 1727 495 1752 la
513 1727 609 1760 glossa
628 1727 741 1759 spiega:
760 1726 858 1757 apices.
1138 1735 1164 1751 v.
1183 1725 1261 1759 1309)
1279 1725 1359 1751 Sulla
1379 1734 1461 1752 scena
1480 1729 1625 1753 avvenuta
1644 1727 1775 1752 abbiamo
1795 1727 1883 1752 molte
1907 1730 1947 1752 te-

61 1798 64 1802 l
186 1777 214 1794 v.
232 1768 309 1802 1297)
328 1767 463 1794 Rolando
481 1768 624 1794 canonico
644 1768 673 1793 di
693 1769 794 1793 Parma
819 1775 866 1792 era
886 1774 994 1792 accom—
1048 1769 1237 1793 stimonianze
1256 1769 1306 1793 che
1325 1770 1508 1794 concordano
1526 1777 1583 1795 con
1597 1770 1632 1795 D.
1646 1770 1690 1795 fra
1704 1771 1749 1795 cui
1763 1770 1857 1802 quella
1871 1770 1947 1795 della

74 1835 78 1838 ,
98 1812 226 1844 pagnato
239 1811 274 1836 da
286 1819 325 1836 un
345 1811 537 1836 ministeriale
549 1811 595 1836 del
609 1818 653 1836 re:
665 1811 723 1843 egli
739 1811 768 1835 fu
781 1810 995 1843 ricompensato
1048 1810 1144 1836 madre
1164 1811 1191 1836 di
1212 1811 1327 1841 Enrlco,
1346 1813 1391 1836 che
1412 1820 1459 1837 era
1474 1816 1609 1843 presente,
1630 1813 1659 1837 in
1679 1821 1736 1837 una
1755 1820 1805 1838 sua
1830 1813 1946 1838 lettera=
1975 1818 2007 1845 35

70 1874 77 1883 ,⁷
98 1850 150 1886 piiz
161 1852 236 1878 tardi
255 1853 300 1879 col
319 1853 484 1879 vescovado
503 1853 534 1879 di
552 1852 674 1878 Treviso
694 1852 848 1886 (Uarrum,
867 1852 903 1882 V,
922 1852 995 1884 515).
1050 1853 1175 1887 “Legati
1195 1854 1248 1879 filii
1269 1855 1324 1880 mei
1345 1855 1419 1888 regis
1438 1857 1580 1880 venerunt
1599 1855 1630 1880 in
1650 1855 1791 1888 synodum
1810 1857 1838 1880 et
1851 1863 1946 1881 coram

97 1894 151 1920 Nel
170 1895 307 1921 Concilio
326 1903 447 1921 romano
466 1895 495 1921 di
515 1897 675 1928 quaresima
694 1896 739 1921 del
761 1894 838 1927 1078,
861 1894 995 1920 Rolando
1051 1895 1065 1909 ‘⁴
1076 1897 1210 1921 omnibus
1229 1897 1365 1922 dlxerunt
1383 1898 1547 1931 apostolico
1566 1905 1602 1922 ex
1614 1899 1695 1930 parte
1707 1897 1762 1922 filii
1775 1899 1829 1923 mei
1844 1900 1876 1923 ut
1888 1905 1947 1923 sur-

69 1935 71 1938 ⁴
98 1936 130 1962 su
150 1937 186 1963 da
204 1936 347 1970 GregorIo
367 1939 563 1964 scornunicato
584 1937 772 1963 “Rolandum
798 1944 866 1962 vero
892 1937 996 1962 Tarvi·
1048 1937 1152 1971 “geret
1170 1940 1199 1964 et
1217 1938 1378 1964 dimitteret
1397 1940 1489 1965 sedem
1508 1939 1709 1972 apostolicam,
1723 1947 1806 1972 quam
1829 1947 1887 1964 non
1902 1947 1947 1964 ca-

77 1983 80 2007 ζ
100 1978 115 1993 ”
125 1979 254 2009 alensem,
279 1979 329 2012 qui
359 1987 412 2013 pro
440 1979 628 2013 adipiscendo
659 1981 843 2012 episcopatus
871 1979 995 2004 honores
1051 1978 1065 1992 “
1077 1981 1179 2005 nonice
1192 1981 1239 2006 sed
1253 1982 1355 2015 rapina
1369 1981 1487 2014 adeptus
1497 1983 1578 2007 esset.
1599 1980 1658 2010 Qui
1669 1982 1767 2007 statim
1780 1990 1795 2006 a
1808 1981 1948 2006 Romanis

16 2027 17 2030 ’
66 2053 75 2062 ,Ἰ
98 2021 258 2048 ‘subdolus
278 2023 369 2048 sactus
388 2023 498 2056 legatus
518 2024 594 2048 inter
613 2030 731 2055 regnum
750 2024 778 2047 et
803 2022 995 2047 sacerdotium
1051 2021 1151 2056 “capti
1178 2025 1270 2056 sunt„
1296 2025 1442 2050 chronicon
1465 2025 1590 2057 Hugom's
1616 2025 1841 2057 Flaviniacensis,
1862 2025 1893 2049 L.
1911 2024 1947 2054 11,
1974 2029 2010 2055 40

64 2078 72 2097 ek
100 2063 246 2090 “schisma
266 2066 357 2091 facere
375 2073 435 2091 non
453 2066 613 2096 abhorruit,
632 2068 664 2091 ut
683 2074 698 2091 a
717 2065 802 2090 modo
815 2067 844 2090 et
857 2072 945 2097 usque
964 2067 995 2090 ln
1048 2064 1104 2094 SS.,
1123 2064 1199 2095 VIII,
1219 2072 1279 2098 435.
1317 2067 1465 2092 Bonizone
1483 2067 1547 2092 dice
1560 2067 1588 2091 di
1603 2065 1737 2092 Rolando
1757 2067 1817 2096 “1s‚
1837 2067 1946 2092 diaboli

74 2110 77 2117 ¹
101 2105 248 2132 ⁴‘seculum
260 2108 417 2140 episcopali
429 2109 523 2133 careat
537 2108 689 2141 dignitate,
702 2108 866 2141 apostolica
878 2114 996 2133 censura
1050 2105 1064 2119 ‘¹
1076 2106 1198 2139 repletus
1218 2107 1332 2140 spiritu,
1352 2109 1382 2132 in
1403 2108 1496 2133 media
1514 2108 1619 2133 sinodo
1633 2116 1668 2133 ex
1682 2110 1761 2141 parte
1781 2109 1864 2140 regis,
1879 2108 1948 2133 laici

64 2171 77 2189 3
101 2149 270 2175 “censemus
289 2151 367 2182 eti-..n
387 2150 510 2184 (Mnum,
531 2151 617 2181 Cone„
634 2151 697 2182 ΧΧ,
717 2151 771 2182 50).
1051 2147 1188 2173 “scilicet
1214 2149 1351 2179 hominis,
1379 2150 1547 2183 pontificale
1577 2151 1602 2175 ei
1632 2150 1787 2175 interdixit
1815 2150 1947 2179 officium.

62 2190 67 2197 ’
186 2200 213 2217 v.
231 2192 307 2224 1300)
325 2191 460 2218 Rolando
478 2194 580 2226 giunse
598 2201 614 2218 a
632 2192 724 2218 Roma
744 2192 858 2225 quando
877 2199 924 2218 era
937 2200 995 2218 rac·
1050 2189 1065 2204 ⁸
1074 2192 1157 2224 eique
1177 2193 1300 2226 precipit
1313 2194 1345 2217 ut
1358 2193 1391 2217 de
1406 2192 1470 2217 sede
1484 2193 1674 2217 descenderet.
1685 2209 1692 2217 .
1702 2211 1708 2218 .
1722 2209 1729 2218 .
1743 2192 1846 2217 dehinc
1859 2192 1948 2217 cardi-

67 2233 71 2236 ”
99 2233 177 2260 colto
196 2234 219 2259 11
238 2234 366 2259 concilio
385 2233 528 2260 Laterano
547 2235 576 2260 di
597 2235 757 2268 quaresirna
776 2235 899 2260 inlziato
918 2234 941 2259 11
963 2241 995 2267 14
1052 2234 1190 2259 “nalibus
1210 2234 1346 2268 precepit.
1365 2237 1396 2259 ut
1416 2235 1493 2260 ultra
1512 2236 1624 2260 montes
1649 2235 1806 2263 tenderent,
1832 2236 1860 2259 et
1880 2234 1946 2259 inde
1974 2244 2007 2269 45

71 2294 73 2299 ,
99 2283 117 2302 ο
136 2276 158 2301 11
178 2282 210 2302 21
233 2275 438 2308 febbran:.(1a
456 2278 616 2309 quaresima
635 2275 780 2302 comincio
794 2276 958 2309 quell’anno
972 2277 994 2302 11
1051 2276 1065 2290 “
1076 2276 1132 2301 sibi
1151 2277 1314 2309 pontificem
1334 2279 1517 2302 assumerent.
1555 2277 1735 2302 Venerabilis
1754 2284 1821 2302 vero
1842 2276 1947 2309 Grego-

101 2324 135 2344 ιο
153 2317 302 2351 febbran).
338 2318 374 2344 D.
392 2319 424 2344 in
442 2319 536 2351 questi
554 2319 630 2344 versi
651 2319 714 2351 (che
738 2319 761 2344 il
786 2319 913 2344 Bar-onio
939 2327 996 2344 cre·
1051 2317 1064 2332 “
1075 2320 1135 2344 rius
1149 2320 1302 2344 secundum
1316 2320 1384 2344 boni
1399 2321 1532 2352 magistri
1545 2320 1705 2353 exemplum
1720 2320 1946 2344 conviciatorem

98 2359 176 2386 detta
194 2362 362 2393 opportuno
381 2361 534 2394 riportare)
546 2361 574 2386 ci
587 2363 695 2386 mostra
709 2363 901 2387 stranamente
920 2361 931 2386 1
944 2361 995 2386 Pa·
1051 2361 1065 2376 ⁶
1075 2370 1154 2387 suum
1166 2363 1247 2396 prius
1256 2370 1273 2387 a
1288 2365 1378 2388 morte
1389 2364 1534 2394 liberavit,
1547 2363 1650 2388 dehinc
1664 2364 1716 2388 vix
1729 2362 1828 2387 sedato
1842 2362 1946 2387 tumul-

66 2422 67 2426 ,
99 2401 144 2428 dri
163 2402 272 2428 intenti
285 2403 320 2427 ad
334 2404 483 2428 ammirare
497 2404 594 2428 l'uovo
607 2405 814 2437 meraviglioso
834 2405 863 2429 in
884 2404 930 2428 cui
949 2410 995 2428 ve·
1050 2404 1115 2434 utu,
1134 2405 1273 2438 synodum
1293 2413 1355 2430 cum
1374 2406 1525 2430 alacritate
1544 2406 1702 2430 celebravit
1714 2424 1739 2437 η,
1759 2406 1813 2430 loc.
1833 2413 1865 2433 c.‚
1885 2403 1945 2429 606.

75 2461 78 2463 Α
99 2444 210 2470 devano
229 2451 268 2469 un
287 2445 411 2470 simbolo
434 2445 511 2470 della
535 2446 660 2470 simonia
685 2445 854 2478 abbattuta),
873 2447 940 2471 anzi
959 2445 994 2469 D.
1138 2455 1165 2472 v.
1184 2446 1261 2480 1312)
1280 2447 1370 2471 Panlo
1389 2448 1417 2472 di
1438 2447 1573 2471 Bernried
1600 2448 1698 2471 invece
1721 2447 1748 2471 fa
1774 2447 1836 2471 dire
1855 2453 1871 2470 a
1889 2444 1947 2470 Ro·
1975 2451 2009 2477 50

74 2493 77 2495 ·
101 2486 130 2512 sa
148 2487 199 2511 che
223 2484 366 2519 Gregorio
384 2488 474 2512 steno
499 2489 548 2521 poi
567 2487 606 2520 (v.
628 2489 706 2521 ¹332)
726 2488 772 2513 nel
795 2495 846 2513 suo
866 2487 994 2513 discorso
1049 2488 1146 2518 lando,
1165 2495 1243 2513 come
1262 2489 1424 2519 Donizone,
1444 2490 1494 2514 che
1513 2495 1562 2522 per
1581 2489 1748 2514 Pentecoste
1769 2489 1795 2512 ii
1815 2489 1890 2513 clero
1903 2495 1948 2513 ro-

77 2539 79 2542 ⁴
98 2528 219 2555 uesani
231 2528 289 2554 alla
307 2529 491 2562 figuratione.
526 2529 704 2562 L‘Epitome‚
722 2530 773 2555 che
787 2530 852 2556 dico
864 2531 995 2556 Parmen-
1049 2538 1132 2556 meno
1151 2532 1174 2556 si
1195 2533 1369 2564 presentasse
1389 2532 1416 2556 al
1436 2539 1465 2556 re
1486 2539 1536 2566 per
1555 2533 1679 2556 ricevere
1698 2532 1734 2556 da
1754 2532 1794 2555 lui
1816 2531 1837 2555 il
1864 2537 1945 2563 papa.

68 2570 74 2575 ’
99 2578 138 2602 u,
157 2572 186 2595 vi
211 2571 310 2596 uuisce
334 2573 436 2604 questo
461 2573 641 2597 commento:
679 2572 786 2597 “Istud
811 2572 869 2598 suit
895 2580 995 2597 oracu-
1050 2573 1116 2598 RR.
1137 2574 1176 2598 ΙΙ.
1197 2573 1256 2603 SS.,
1275 2574 1324 2603 ΙΙΙ,
1345 2581 1404 2607 334.

60 2647 62 2650 Ι
100 2612 115 2626 ”
126 2612 200 2638 lum:
213 2619 263 2646 per
277 2620 364 2638 ovum
385 2614 562 2646 intelligitur
580 2614 709 2643 ecclesia,
722 2622 771 2647 per
785 2617 895 2640 scutum
910 2615 996 2639 intel-
1138 2624 1164 2639 v.
1183 2615 1260 2647 1314)
1279 2615 1371 2640 Paolo
1390 2615 1419 2640 di
1440 2615 1575 2640 Bernried
1596 2614 1659 2640 dice
1677 2615 1728 2639 che
1752 2615 1774 2638 ii
1801 2614 1947 2639 cardinale

59 2689 66 2692 ⁴.
101 2654 230 2689 ⁴'ligitur
254 2658 411 2682 auctoritas
435 2657 603 2689 temporalis
628 2665 681 2690 que
707 2658 791 2684 datur
810 2659 995 2692 imperatoris
1049 2657 1079 2682 di
1098 2658 1187 2682 Porto
1208 2664 1257 2690 per
1275 2659 1369 2690 primo
1389 2657 1486 2683 lancio
1507 2657 1529 2681 ll
1548 2658 1648 2690 grido=
1670 2657 1803 2688 Capiatur
1821 2664 1836 2680 e
1855 2656 1947 2681 allora
1975 2663 2007 2690 55

63 2697 75 2710 ³
102 2697 162 2725 “ab
187 2699 321 2725 ecclesia:
344 2707 427 2734 super
453 2701 510 2725 isto
534 2700 628 2733 clipeo
647 2701 678 2726 id
703 2702 746 2726 est
771 2709 854 2734 super
874 2702 995 2734 imperio
1049 2699 1071 2724 il
1091 2699 1214 2732 prefetto
1234 2707 1289 2725 con
1309 2700 1378 2725 altri
1397 2700 1499 2728 nobili,
1520 2701 1669 2732 sguainate
1689 2700 1714 2724 le
1734 2698 1828 2731 spade,
1847 2698 1872 2723 si
1885 2698 1946 2723 lan-

59 2751 79 2779 ἱ,
103 2741 188 2767 “erat
213 2749 326 2776 serpens
355 2745 444 2776 niger.
470 2743 499 2767 id
527 2744 570 2768 est
597 2742 737 2768 Henricus
763 2743 919 2776 predictus,
946 2746 994 2777 qui
1049 2742 1169 2766 clarono
1189 2749 1220 2766 su
1239 2741 1383 2771 Rolando,
1402 2749 1429 2775 p.
1448 2749 1511 2774 334·

63 2790 67 2794 ³
102 2782 117 2797 ¹¹
127 2784 211 2816 niger
228 2784 323 2809 dictus
346 2787 465 2818 propter
491 2784 737 2810 abominationem
763 2786 887 2810 simonie
911 2793 995 2818 quam
1137 2793 1163 2809 v.
1183 2783 1260 2816 131⁶)
1279 2783 1422 2817 Gregorio
1442 2778 1592 2817 protesse'i
1607 2784 1693 2816 legati
1714 2785 1815 2808 contro
1829 2783 1858 2808 la
1871 2783 1947 2808 furia

14 2842 16 2850 v
59 2821 65 2826 ”
103 2824 281 2858 “exercebam
302 2827 351 2858 qui
364 2825 495 2851 elevabat
509 2827 594 2858 caput
607 2828 709 2851 contra
726 2834 867 2852 summum
880 2826 995 2860 pontifi·
1049 2825 1094 2850 dei
1115 2826 1258 2858 presenti:
1277 2826 1382 2851 Enrico
1403 2828 1502 2851 invece
1522 2828 1552 2851 in
1575 2833 1632 2850 una
1651 2826 1752 2851 lettera
1778 2827 1804 2850 si
1824 2826 1945 2850 Vescovi

69 2860 74 2874 '⁷
101 2866 193 2898 Ἥκω,
206 2870 234 2893 et
252 2875 401 2902 percussus
420 2868 688 2893 excomunicatione
707 2868 892 2901 de[c}linavit
911 2871 995 2902 caput
1049 2868 1173 2893 tedeschi
1195 2869 1216 2892 li
1231 2868 1331 2893 diceva
1349 2869 1519 2893 incarcerati
1542 2868 1555 2882 ‘¹
1566 2875 1650 2900 quam
1669 2869 1821 2892 crudeliter
1835 2875 1883 2892 eos
1903 2869 1945 2892 in·
1973 2866 2008 2892 60
