2288 3476
1142 207 1278 244 PREF
1280 206 1445 245 AZION
1446 207 1480 242 E

781 330 849 362 Hic
865 331 967 364 velox
989 330 1132 374 rapidus
1153 330 1349 374 praecipiat
1372 330 1482 364 citius.

783 387 943 427 Quatuor
965 389 1053 421 haec
1075 388 1189 432 gignit
1212 388 1292 421 fons
1313 399 1401 421 unus
1423 388 1563 420 flumina
1586 388 1685 421 mixti

780 445 926 478 Portant
948 445 1122 478 multoties
1144 451 1324 478 nectareas
1347 446 1499 488 species:

781 502 858 536 Hoc
883 503 980 536 dedit
1003 513 1078 536 esse
1092 503 1173 536 loco
1195 503 1309 546 plasto
1332 504 1503 546 sapientia
1524 509 1638 546 proto,

781 560 830 594 Ut
850 571 971 593 nemus
993 561 1054 594 ille
1077 571 1139 593 suo
1161 561 1360 604 percoleret
1383 561 1514 595 studio:

785 619 975 662 Figmentis
998 619 1081 652 ortis
1103 629 1230 652 nomen
1253 619 1306 652 vir
1328 619 1388 652 hic
1412 619 1539 653 indidit
1561 619 1666 662 orbis,

782 676 920 710 Nomen
944 677 1071 721 cuique
1095 677 1201 717 dedit,
1224 682 1406 720 permanet
1428 677 1515 710 illud
1539 677 1584 710 ei.

780 734 1032 777 perpulchrum
1055 745 1195 778 pomum
1218 735 1328 768 vetuit
1350 735 1416 768 sibi
1439 735 1600 769 conditor
1622 736 1761 769 horum:

781 793 835 825 Ne
860 793 1035 833 comedas,
1058 793 1154 836 dicit,
1177 803 1258 827 mox
1280 793 1437 827 morieris
1460 793 1518 833 ibi,

781 850 930 884 Coetera
952 862 1020 894 que
1045 851 1159 883 cernis
1172 850 1238 884 tibi
1261 851 1379 884 trado:
1403 851 1516 896 sisque
1538 851 1773 895 perhempnis‚

782 908 918 942 Geiuna
939 919 1044 952 pomo
1067 919 1111 942 ne
1133 909 1291 943 moriaris
1312 909 1428 942 homo.

474 1023 532 1059 La
560 1022 682 1058 chiusa
709 1022 730 1057 ὲ
759 1021 794 1057 la
820 1028 1016 1069 seguente:

780 1112 911 1146 Panem
933 1120 1049 1157 portat
1070 1116 1169 1159 Agar
1191 1115 1329 1158 fugiens
1352 1114 1419 1148 sibi
1442 1125 1545 1158 quem
1570 1114 1667 1148 dedit
1691 1114 1832 1148 Abram.

780 1170 852 1210 Qui
875 1181 1000 1215 panem
1023 1172 1111 1217 legis
1133 1172 1306 1217 significat
1328 1172 1466 1205 veteris.

779 1228 833 1262 Ac
856 1236 935 1262 uter
958 1230 1109 1263 ancillae
1133 1230 1227 1273 quod
1250 1230 1383 1264 defecit
1406 1230 1477 1264 cito
1501 1230 1674 1275 lymphae,

783 1286 891 1325 Quod
913 1288 1080 1332 sinagoga
1103 1288 1195 1320 foret
1216 1289 1312 1321 sicca
1334 1298 1476 1321 monere
1498 1293 1615 1331 potest

781 1344 815 1377 A
837 1346 905 1379 ritu
927 1345 1015 1390 legis
1037 1356 1098 1378 seu
1121 1346 1283 1389 dogmate
1307 1346 1403 1389 quod
1426 1346 1493 1379 sibi
1515 1346 1618 1389 pellis

780 1403 920 1436 Mortua
943 1403 1156 1436 monstrabat
1178 1409 1288 1436 morte
1311 1403 1438 1446 prioris
1459 1402 1583 1443 Adam,

781 1461 829 1494 At
852 1462 947 1505 quod
970 1472 1034 1505 per
1057 1460 1190 1506 sylvam
1213 1461 1367 1505 genitrix
1392 1466 1427 1494 et
1449 1461 1539 1494 filius
1563 1468 1680 1499 errant

780 1519 958 1552 Iudaicum
981 1519 1148 1562 populum
1170 1519 1285 1563 signat
1307 1519 1402 1553 abire
1425 1520 1559 1561 procul.
