2288 3476
195 679 269 702 Mun.¹
285 679 322 703 ⁴87

226 1740 247 1757 c.
261 1734 309 1755 nr

205 2054 272 2076 Mus.
277 2069 282 2079 ,

297 2055 336 2079 488

367 2843 380 2869 5

405 217 449 252 16
883 214 1195 253 LANDULPHI
1223 215 1293 251 DE
1322 214 1532 251 SANCTO
1561 214 1739 251 PAULO
1929 220 2012 256 [ΑΛ.
2034 221 2167 254 1107-11,
2190 271 2191 274 Ἰ

487 351 539 381 24.
566 348 736 391 -ιΙςίωι-
759 347 880 379 circha
902 353 1048 389 tempus,
1079 357 1148 390 quo
1178 346 1348 389 presbiter
1377 345 1579 389 Liprandus
1600 357 1621 379 a
1643 346 1811 379 Valtilina
1841 347 1954 386 rediit,
1978 358 2058 390 pars
2081 348 2184 382 cleri·

398 402 515 444 populi
533 401 736 439 Laudensis,
753 400 940 432 metuendo
956 399 1144 441 periurium
1168 399 1204 431 in
1221 400 1385 442 episcopo
1401 410 1476 436 suo;
1502 400 1560 443 qui
1576 409 1640 442 pro
1655 399 1849 432 Grosulano
1865 400 1903 432 in
1919 401 2053 444 synodo
2069 401 2170 434 Ro...
2198 397 2199 401 ¹

396 455 521 487 iuravit
537 457 557 493 ¹,
580 455 691 495 ipsum
708 453 846 496 quidem
863 452 1067 495 episcopum
1083 458 1279 495 suspectum
1296 452 1425 485 habuit.
1471 453 1565 485 Hinc
1581 458 1633 485 est
1648 452 1761 491 etiam,
1778 453 1872 496 quod
1896 454 2095 494 Gairardus,
2117 455 2186 487 fra

400 508 551 540 eiusdem
576 506 731 549 episcopi
756 504 957 545 Laudensis,
981 511 1015 538 et
1037 505 1113 548 ipse
1138 505 1329 538 Ardericus
1359 506 1545 549 episcopus
1575 505 1739 539 dicuntur
1769 506 1873 539 fuisse
1904 507 2061 540 fautores
2090 513 2125 540 et
2147 517 2199 547 c»,

399 561 552 593 diutores
587 560 820 592 Laudensium
854 559 1010 598 militum,
1043 570 1138 592 suam
1175 559 1354 591 civitatem
1388 559 1616 593 destructioni
1649 559 1866 592 tradentium.
1910 560 2188 594 Mediolanensi

399 614 527 657 quippe
550 613 735 645 manifeste
761 612 966 645 conantibus
989 613 1034 645 ad
1057 612 1164 655 ipsius
1186 612 1333 645 civitatis
1355 613 1634 651 destructionem,
1657 613 1722 655 ipsi
1755 614 1823 646 duo
1853 614 1979 646 fratres
2008 612 2193 658 spiritualij

398 673 434 699 et
456 666 694 708 temporaliter
717 666 888 698 dederunt
911 665 1115 698 conscilium
1138 671 1173 698 et
1195 665 1370 698 auxilium.
1415 665 1553 699 Infinita
1576 665 1704 698 autem'
1726 667 1840 705 malla,
1864 677 1931 709 que
1947 677 2055 710 opera
2077 673 2156 702 sunt
2178 685 2189 704 τ,

397 725 557 762 quattuor
580 718 711 750 annos²
736 718 769 749 in
794 718 869 761 ipsa
891 729 1009 761 guera,
1032 729 1103 751 non
1119 729 1298 755 enumero;
1316 719 1377 750 sed
1401 725 1546 751 mortem
1569 718 1732 757 Antelmi‚
1752 720 1910 763 germani
1933 720 2013 759 mei,
2037 726 2072 753 et
2086 720 2148 753 ali-

396 772 577 805 multorum
610 772 882 815 propinquorum
913 781 1067 804 meorum
1099 777 1134 804 et
1164 771 1289 804 civium
1320 783 1383 814 per
1414 772 1506 804 illam
1536 782 1679 815 gueram
1709 773 1964 806 manifestatam
1993 773 2108 817 lugeo.

395 831 509 858 tamen
533 831 672 867 ceptum
696 825 763 857 iter
786 825 926 867 penitus
950 826 1084 857 desero.
1131 823 1235 863 Quia,
1259 825 1341 857 dum
1364 824 1488 857 civitas
1511 825 1571 857 illa
1593 825 1783 858 Laudensis
1813 825 1928 859 adhuc
1955 832 2062 859 staret
2084 832 2121 860 et

395 884 502 911 steret
524 877 861 918 Mediolanensibus,
885 878 1090 910 conantibus
1114 889 1188 910 eam
1213 878 1402 916 destruere,
1426 877 1638 911 Grosulanus
1654 889 1674 910 a
1689 878 1893 912 Mediolano
1916 878 2076 912 exulabat
2089 879 2198 913 etL
2245 816 2251 963 Εἰ

2201 972 2203 974 ·
2248 965 2252 991 1

397 933 512 965 densis
547 931 606 964 ille
638 931 829 964 Ardericus
863 942 959 964 suam
990 931 1167 963 civitatem
1202 941 1379 973 perrarum
1409 930 1571 970 intrabat,
1605 931 1668 964 sed
1698 931 1934 964 Mediolanum
1969 933 2196 976 frequenta

395 985 567 1028 presbiter
589 995 670 1017 vero
694 985 891 1027 Liprandus
915 984 950 1016 in
974 994 1035 1016 sua
1058 984 1161 1017 domo
1184 995 1313 1028 suaque
1336 984 1447 1017 sancti
1470 984 1570 1017 Pauli
1594 984 1745 1017 ecclesia
1777 984 2045 1018 consolationem
2066 982 2196 1030 regul

397 1038 546 1072 ecclesie
570 1039 695 1072 devote
720 1038 936 1081 expectabat.

485 1137 539 1169 25.
563 1155 603 1160 -—
627 1135 675 1169 At
698 1135 848 1179 quidam,
871 1136 929 1179 qui
962 1135 1169 1168 dicebantur
1199 1136 1302 1168 amici
1331 1136 1522 1178 presbitero
1553 1136 1751 1179 expectanti
1781 1141 1816 1169 et
1846 1137 2042 1170 Grosulano
2065 1120 2202 1171 exulan}
2252 1157 2255 1182 3

400 1190 480 1223 dum
503 1191 570 1223 hec
593 1191 730 1233 prefata
760 1200 869 1234 guera
897 1189 1067 1233 agebatur
1089 1190 1180 1222 inter
1209 1189 1488 1223 Mediolanenses
1519 1196 1554 1223 et
1583 1190 1794 1229 Laudenses,
1825 1190 2009 1233 Papienses
2039 1197 2206 1234 quoque

401 1243 655 1277 Cremonenses
677 1243 879 1276 Laudenses
903 1243 1079 1276 civitatem
1102 1243 1347 1284 defendentes,
1369 1248 1574 1288 sugeserunt
1597 1243 1716 1276 Olrico
1739 1243 1996 1276 Mediolanensi
2013 1243 2172 1278 vicedom
2254 1238 2257 1254 '¹

399 1303 434 1329 et
457 1296 632 1335 Anselmo,
657 1296 701 1328 de
724 1295 882 1328 Pusterla
904 1296 1160 1338 cognominato,
1183 1296 1233 1328 ire
1264 1296 1311 1329 ad
1340 1296 1541 1339 precipuum
1573 1296 1772 1340 magistrum
1804 1295 2003 1329 Anselmum
2035 1297 2079 1330 de
2109 1295 2187 1330 Mn
2256 1333 2257 1336 Ἰ

399 1349 591 1383 Leoduni³.
639 1348 774 1387 Quibus
797 1349 931 1381 duobus
953 1349 1022 1381 fuit
1044 1355 1190 1392 gratum,
1214 1359 1332 1382 secum
1355 1349 1485 1382 ducere
1508 1360 1562 1382 me
1586 1349 1841 1392 Landulphum,
1858 1349 2040 1392 presbiteri
2054 1349 2152 1394 Lipr
2171 1348 2210 1378 ··*
2256 1337 2258 1369 l

399 1403 609 1446 alumpnum.
655 1403 699 1435 Et
723 1413 800 1434 cum
824 1403 916 1444 apud
938 1402 1050 1444 ipsum
1074 1402 1275 1446 magistrum
1307 1409 1340 1434 et
1370 1403 1512 1435 fratrem
1544 1403 1615 1435 eius
1638 1403 1864 1446 Rodulphum
1889 1403 2116 1443 studeremus,
2147 1401 2206 1436 n=¹
2257 1403 2259 1432 ἶ

401 1458 523 1489 tiatum
547 1463 598 1489 est
621 1456 703 1494 illic,
728 1456 822 1499 quod
847 1456 1058 1489 Grosulanus
1081 1455 1270 1495 Aronam‘,
1293 1465 1409 1488 arcem
1432 1456 1691 1489 munitissimam
1716 1456 2048 1499 archiepiscopatus,
2069 1457 2179 1500 pos-i·
2196 1460 2213 1492 ;’

403 1509 483 1548 Quo
507 1510 635 1548 audito,
659 1509 900 1542 vicedominus
923 1509 1025 1541 valde
1049 1508 1240 1546 infremuit,
1263 1509 1343 1552 quia
1367 1515 1509 1552 propter
1533 1510 1605 1541 eius
1627 1509 1818 1547 absentiam
1849 1509 2030 1543 dicebatur
2052 1510 2147 1554 quod
2185 1527 2190 1538 ι

401 1564 576 1596 secundus
588 1563 606 1584 ‘⁵'
623 1573 722 1596 casus
746 1563 942 1596 Grosulano
966 1562 1164 1606 contigerit.
1212 1562 1257 1596 Et
1278 1563 1371 1602 ideo,
1395 1568 1498 1605 prout
1520 1562 1659 1602 dicitur,
1683 1562 1920 1595 Mediolanum
1944 1563 2061 1596 redire
2090 1563 2219 1597 Ξεεῐί”
2259 1554 2261 1597 ἶ

402 1616 461 1655 vit,
484 1616 663 1660 ipsamque
686 1626 803 1649 arcem
826 1622 860 1648 et
877 1622 1003 1654 cetera,
1020 1616 1066 1648 ad
1082 1616 1417 1659 archiepiscopatum
1434 1616 1655 1658 pertinentia,
1671 1626 1691 1648 a
1707 1616 1781 1648 iure
1798 1621 1832 1649 et
1855 1622 2026 1659 potestate
2051 1617 2164 1650 Grosu
2195 1656 2197 1658 ,
2259 1606 2261 1643 ¹

400 1681 545 1703 vacuam
568 1671 711 1703 invenit.
757 1670 802 1702 Et
824 1670 885 1710 hii,
908 1670 964 1713 qui
987 1670 1023 1702 in
1046 1675 1191 1713 utraque
1216 1669 1339 1712 [parte]
1363 1669 1571 1703 dicebantur
1595 1669 1708 1708 amici,
1731 1681 1876 1713 quorum
1899 1676 2013 1704 ortatu
2027 1670 2103 1714 ipse
2126 1669 2199 1705 ndi·

402 1724 618 1763 Leodunum‚
641 1724 676 1756 in
693 1725 758 1757 isto
781 1722 910 1756 reditu'
937 1723 1056 1756 nescio
1081 1734 1148 1766 quo
1164 1723 1286 1766 spiritu
1302 1724 1412 1766 ipsum
1428 1723 1587 1756 iuvenem
1611 1729 1647 1756 et
1669 1723 1761 1756 infra
1778 1723 1934 1757 ordinem
1947 1723 1960 1743 ⁶
1982 1723 2178 1758 vicedomin

399 1777 581 1820 elegerunt
597 1777 631 1808 in
647 1777 985 1820 archipresbiterum.
1017 1776 1062 1809 Et
1077 1776 1173 1809 facta
1188 1776 1251 1809 ista
1268 1776 1449 1818 electione,
1465 1776 1542 1820 ipsi,
1559 1777 1617 1820 qui
1633 1777 1743 1821 magis
1758 1782 1857 1809 erant
1871 1777 1910 1810 in
1924 1782 2023 1820 parte
2039 1777 2176 1810 Grosul
2196 1791 2212 1805 ει

402 1829 612 1873 prebuerunt
635 1830 828 1864 Grosulano
853 1830 1067 1868 conscilium,
1083 1836 1120 1862 ut
1135 1829 1216 1862 huic
1236 1830 1401 1863 electioni
1417 1839 1481 1862 nec
1505 1830 1642 1862 laudem
1660 1840 1726 1863 nec
1740 1829 2028 1873 vituperationem
2051 1836 2168 1873 presta
2195 1845 2219 1857 -·
2263 1839 2265 1875 j

402 1884 465 1916 sed
487 1883 741 1917 Yerosolimam
764 1889 910 1926 peteret,
935 1889 971 1916 et
992 1882 1211 1922 Ardericum,
1234 1883 1454 1916 Laudensem
1476 1883 1691 1926 episcopum,
1713 1883 1747 1915 in
1771 1883 1920 1916 ecclesia
1941 1883 2148 1923 Mediolani,
2264 1879 2265 1888 ³

398 1938 567 1970 vicarium
591 1938 736 1970 faceret.
784 1937 823 1969 In
845 1937 913 1970 hac
936 1936 1122 1969 manifesta
1145 1936 1373 1979 dispositione
1397 1942 1431 1969 et
1453 1936 1537 1969 allia
1566 1946 1636 1969 non
1666 1936 1824 1979 pluribus
1855 1937 1996 1980 cognita
2026 1936 2138 1970 Grosu
2159 1952 2163 1965 :
2264 1935 2266 1942 ⁴

399 1990 730 2024 Yerosolimitanum
753 1990 818 2022 iter
841 1990 990 2023 intravit.
1035 1989 1176 2022 Electus
1199 1994 1315 2022 autem
1337 1989 1400 2022 iste
1418 1989 1670 2032 vicedominus,
1686 1996 1823 2022 secutus
1846 1990 2048 2022 conscilium
2071 1989 2168 2024 Arde
2265 1991 2269 2039 ‘3

399 2043 444 2076 de
467 2043 652 2085 Carimate,
676 2043 734 2086 qui
757 2043 923 2086 precipue
947 2043 1054 2086 elegit
1078 2043 1206 2075 eumin
1230 2042 1570 2085 archipresbiterum,
1585 2043 1621 2074 in
1637 2042 1766 2075 mense'
1789 2042 1902 2086 Aprili
1918 2054 1987 2086 quo
2009 2043 2141 2077 electus
2188 2060 2192 2069 ·
2215 2083 2218 2088 Ι

403 2098 607 2130 canonicam
630 2097 793 2130 edificare
818 2097 922 2139 cepit,
944 2102 1048 2140 atque
1073 2096 1107 2129 in
1131 2096 1353 2139 subsequenti
1374 2096 1473 2140 junio
1498 2096 1542 2128 ad
1564 2095 1756 2134 Arialdum‚
1779 2096 1981 2139 episcopum
2004 2096 2165 2130 Yanuen
2180 2119 2189 2123 -

401 2162 479 2185 cum
503 2150 706 2194 quibusdam
729 2150 800 2182 suis
822 2149 1054 2183 confratribus
1077 2149 1215 2183 clericis
1237 2149 1419 2182 ordinariis
1441 2149 1513 2183 ivit.
1558 2149 1604 2182 Et
1626 2149 1810 2192 episcopus
1832 2149 1902 2193 ille,
1919 2150 2004 2183 licet
2025 2149 2122 2192 [non]
2144 2150 2175 2183 f·
2197 2172 2224 2193 ;

401 2204 597 2237 Grosulano
630 2202 837 2242 contrarius,
868 2209 983 2236 tamen
1011 2214 1075 2246 per
1105 2203 1441 2246 representationem
1471 2201 1637 2235 Arderici
1666 2203 1711 2235 de
1741 2203 1926 2241 Carimate,
1960 2202 2020 2247 qui
2050 2203 2180 2247 primus
2211 2227 2221 2243 -.
2268 2204 2271 2243 ,ἶ

399 2257 566 2290 maximus
590 2255 782 2289 diaconus⁷
804 2256 987 2290 tenebatur
1009 2256 1047 2288 in
1070 2261 1167 2299 parte
1192 2255 1388 2294 Grosuhni,
1420 2255 1592 2288 ordinavit
1620 2255 1735 2298 ipsum
1765 2255 2020 2289 vicedominum
2269 2253 2272 2293 ἶ

403 2311 570 2343 lectorem
593 2315 629 2342 et
650 2309 856 2342 exorcistam
880 2315 984 2353 atque
1007 2309 1183 2342 acolitum.
1229 2309 1417 2342 Widonem
1441 2308 1691 2342 Falcimanium
1715 2309 1804 2342 fecit
1826 2309 2088 2349 subdiaconum,
2112 2308 2224 2353 Aue-ff
2269 2296 2273 2338 l

403 2375 495 2396 mum
519 2363 563 2397 de
586 2362 743 2395 Pusterla
766 2369 869 2406 atque
892 2363 1083 2396 Henricum
1106 2362 1151 2396 de
1173 2363 1301 2432 Bisrago
1323 2363 1478 2400 levitam,
1501 2362 1746 2405 Landulphum
1761 2362 1946 2396 Caroniam
1961 2362 2048 2396 iecit
2068 2362 2222 2407 presb
2223 2347 2274 2412 ἰ

403 2428 489 2450 rum.
535 2416 607 2455 Qui
635 2415 789 2459 quinque
820 2415 1000 2455 ordinarii,
1030 2417 1068 2448 in
1095 2414 1217 2460 junio⁸
1247 2415 1342 2458 apud
1372 2415 1531 2448 Yanuam
1563 2415 1720 2454 ordinati,
1751 2417 1855 2459 plane
1885 2415 2090 2449 videbantur
2119 2416 2192 2449 int
2218 2413 2274 2464 'J

402 2470 607 2503 Grosulano.
653 2469 691 2501 In
715 2479 784 2512 quo
807 2469 902 2502 facto
926 2469 1207 2502 Mediolanenses
1238 2469 1297 2512 qui
1329 2469 1534 2507 letabuntur,
1565 2469 1667 2502 etiam
1697 2470 1822 2514 majori
1852 2469 1979 2513 gaudio
2009 2469 2120 2514 gavisi
2147 2478 2212 2503 sun
2272 2465 2275 2525 j

2210 2523 2218 2539 S

495 2588 517 2606 1.
534 2581 608 2606 xVI.
627 2580 759 2606 Exulante
777 2579 939 2605 Grossulano
955 2579 1171 2605 Mediolanenses
1188 2579 1284 2605 bellum
1302 2579 1427 2605 inchoant
1445 2587 1505 2605 cum
1521 2580 1707 2605 Laudensibus
1727 2593 1759 2598 -
1783 2586 1823 2612 ις.
1846 2580 1939 2606 XVII.
1965 2579 2070 2607 Oln'm
2093 2581 2118 2606 d
2139 2579 2163 2606 A

402 2630 463 2648 mus
480 2623 591 2649 revocati
604 2630 621 2648 a
638 2622 734 2652 studio,
754 2622 789 2647 ad
807 2622 912 2648 ordinas
931 2624 994 2647 sunt
1011 2622 1124 2655 promoti

493 2716 518 2741 3.
538 2707 707 2741 Galrardus]
727 2707 867 2733 Gaiardus
886 2707 911 2732 R
931 2722 963 2725 —
982 2707 1008 2733 8.
1025 2707 1168 2740 Antelmi]
1186 2708 1316 2733 Anselml
1334 2707 1359 2732 R
1378 2708 1477 2740 seguito
1495 2707 1540 2733 dal
1558 2707 1640 2733 Sassi
1662 2721 1693 2726 —-
1714 2714 1756 2733 21.
1775 2707 1850 2740 illic]
1871 2708 1931 2733 illls
1949 2707 1986 2740 gli
2004 2706 2066 2733 altri
2083 2707 2155 2734 codd.

498 2795 506 2812 ¹
527 2796 574 2822 Cf.
593 2805 620 2821 n.
639 2803 674 2821 20
691 2804 788 2830 sopra.
1442 2795 1453 2812 ⁴
1472 2796 1522 2821 Sul
1540 2795 1618 2829 Lago
1636 2796 1792 2830 Maggiore.

498 2837 510 2854 ²
529 2840 569 2864 La
586 2846 687 2872 guerra
706 2847 760 2864 con
778 2838 852 2864 Lodi
872 2838 943 2863 duro
969 2841 1084 2871 quattro
1109 2840 1179 2864 anni
1206 2838 1300 2871 (1107-
1444 2837 1456 2854 ⁵
1476 2837 1546 2864 Cioe
1565 2841 1701 2871 prospero:
1720 2839 1871 2870 lavorevole.

410 2881 498 2913 1111).
534 2881 609 2906 Lodi
630 2881 660 2906 fu
678 2888 759 2915 presa
778 2881 823 2906 nel
844 2888 917 2906 mese
935 2881 963 2905 di
978 2883 1091 2914 maggio
1105 2881 1149 2906 del
1166 2881 1302 2915 rur-(cf.
1444 2878 1455 2895 ⁶
1475 2881 1540 2906 Non
1559 2883 1749 2915 apparteneva
1767 2889 1873 2907 ancora
1887 2881 2038 2908 all'ordlne
2050 2882 2193 2908 deltano

410 2930 438 2948 n.
457 2923 490 2947 28
510 2923 609 2955 sotto).
1357 2923 1432 2948 della
1451 2924 1686 2955 Metropolitana.

498 2963 509 2980 ⁸
527 2965 550 2989 ll
571 2965 679 2990 celebre
697 2965 814 2998 teologo
834 2965 973 2990 Anselmo
994 2966 1022 2990 di
1043 2966 1132 2995 Laon,
1153 2965 1203 2991 che
1228 2963 1302 2990 morl
1446 2963 1457 2981 '⁷
1475 2965 1681 2990 Arcldiacono.
2214 2979 2219 2995 ⁴.

413 3007 460 3031 nel
482 3014 559 3040 1117.
1446 3006 1457 3023 ⁸
1476 3008 1499 3032 ll
1519 3016 1535 3040 4
1559 3008 1668 3041 glugno
1690 3014 1766 3038 1110,
1784 3009 1883 3034 sabato
1901 3008 1975 3034 delle
1988 3008 2071 3034 Sacre
2091 3007 2200 3042 Tempe
2234 3012 2235 3017 ¹
2279 3024 2283 3059 ἱ

2218 3058 2219 3062 ¹
2280 3067 2283 3106 i

2226 3111 2230 3116 ⁸
2281 3107 2283 3119 l
