2288 3476
110 242 204 275 110³]
597 233 844 270 HISTORIA
871 232 1299 269 MEDIOLANENSIS
1818 230 1831 264 l
1845 229 1858 264 l

17 366 244 404 resbitero‚
267 371 304 398 ut
328 365 373 398 ad
395 366 595 399 faciendum
619 366 783 398 iudicium
806 365 913 398 multa
935 365 1029 409 ligna
1052 370 1281 408 congregaret
1303 363 1337 395 in
1360 367 1471 405 prato,
1503 362 1597 405 quod
1628 359 1799 394 clauditur
1831 359 1865 390 in

39 429 134 452 uro
156 419 252 452 iuxta
275 419 384 452 sancti
408 419 582 452 Ambrosii
604 419 856 452 monasterium.
902 419 948 451 Et
970 418 1142 460 presbiter
1165 417 1249 460 ipse,
1272 416 1394 459 plenus
1417 426 1540 459 magno
1563 415 1696 457 spiritu,
1719 423 1865 446 anonam

41 477 74 508 „t
97 471 223 510 vinum,
245 482 312 515 que
335 473 380 504 ad
403 471 574 504 edendum
597 472 757 510 habebat,
781 471 989 514 pauperibus
1013 470 1181 514 erogavit,
1203 480 1366 512 suamque
1383 469 1629 511 lupicervinam
1652 467 1779 510 pellem
1803 476 1866 508 pro

17 531 19 534 ⁴
41 547 43 551 -
67 525 145 568 gnis
166 525 381 568 pignoravit;
406 531 524 557 cetera
546 535 642 564 vero,
665 535 731 568 que
753 523 951 567 possidebat
973 523 1010 555 in
1033 523 1128 555 libris
1151 529 1185 555 et
1208 523 1295 555 alliis
1325 522 1438 560 rebus,
1470 520 1599 554 statuit'
1623 526 1660 553 ut
1683 530 1866 552 conserva-

32 583 159 623 [gutur
181 577 401 620 Landulpho,
425 578 542 620 nepoti
565 588 627 610 suo
648 583 682 610 et
706 577 869 619 alumpno
892 582 995 619 atque
1019 576 1168 608 ecclesie
1192 575 1331 613 acolito,
1347 575 1405 619 qui
1422 581 1504 607 tunc
1520 574 1684 616 temporis
1715 571 1868 604 discebat

72 630 218 663 ureliani
242 631 286 663 ab
307 631 446 674 egregio
470 632 634 674 magistro
655 629 806 663 Alfredo
829 636 863 663 et
885 630 994 662 nobili
1015 629 1148 673 Jacobo
1162 629 1185 661 ¹.
1231 628 1358 661 Statuit
1382 628 1496 667 etiam,
1519 628 1547 659 si
1563 626 1749 669 contigerit
1771 625 1867 657 illum

38 684 126 722 ,nori
148 684 184 716 in
206 684 268 716 illo
291 684 433 723 iudicio,
456 684 484 717 si
507 685 592 727 quid
615 684 770 726 corporis
792 683 865 716 eius
888 683 1062 716 residuum
1086 682 1202 721 fuerit,
1233 687 1425 724 portaretur
1456 682 1500 713 ad
1531 680 1715 713 ecclesiam
1747 684 1865 711 sancte

41 742 52 775 ,1
70 736 229 776 finitatis,
253 748 354 780 quam
379 738 463 779 ipse,
487 737 575 770 sicut
597 737 752 779 superius
774 737 810 768 in
833 735 1017 779 privilegio
1048 735 1183 778 legitur,
1208 735 1243 766 in
1275 735 1392 767 alodio
1424 744 1485 766 suo
1517 733 1675 766 fundavit
1698 739 1732 765 et
1761 732 1865 765 beato

7 817 8 821 ,
37 795 141 838 'etro
164 790 320 823 tradidit.
366 790 440 822 Hiis
463 791 511 822 ita
533 791 668 823 statutis
683 796 717 822 et
732 789 909 828 ordinatis,
925 789 1027 822 idem.
1042 811 1051 820 .
1064 812 1072 821 .
1087 811 1094 820 .
1119 787 1293 820 Ambrosii
1309 787 1494 820 ecclesiam
1511 787 1584 819 ivit.
1631 787 1675 818 Et
1698 797 1774 819 cum
1792 786 1865 828 ipse

99 848 193 875 turus
214 842 390 886 judicium.
405 867 413 875 .
427 866 457 875 ..
471 866 480 881 ,
503 854 623 876 manus
646 842 829 876 Grosulani
851 842 1020 884 prevaluit
1043 847 1078 873 et
1102 841 1177 883 ipsa
1199 840 1293 884 ligna
1316 840 1351 872 in
1373 845 1474 882 prato
1499 839 1663 882 disposita
1694 838 1867 881 dispersit,

37 902 216 939 'anumque
239 896 468 938 presbiterum
491 895 535 929 ab
558 896 616 928 illa
639 896 861 938 dispositione
885 894 1059 936 separavit
1081 893 1321 938 ignominiose.

129 1002 178 1036 15.
202 1021 244 1026 —-
267 1002 403 1035 Deinde
426 1003 463 1035 in
487 1002 587 1036 domo
611 1013 672 1034 sua
695 1007 729 1035 et
751 1001 860 1034 sancti
876 1000 973 1033 Pauli
990 1000 1140 1032 ecclesia
1155 999 1326 1042 presbiter
1342 999 1407 1032 iste
1423 999 1517 1031 siluit
1540 1005 1573 1031 et
1596 999 1738 1041 quievit,
1756 999 1868 1036 donec

24 1056 137 1088 meri
159 1061 194 1089 et
216 1056 344 1098 puelle,
366 1067 478 1088 mares
501 1061 535 1089 et
558 1055 689 1088 femine
716 1055 752 1087 in
775 1055 932 1096 proximo
963 1059 1118 1096 tempore
1151 1053 1398 1085 clamaverunt:
1435 1054 1450 1070 ¹⁴
1464 1053 1580 1092 Foras,
1612 1052 1715 1090 foras,
1741 1052 1869 1084 Grosu-

30 1138 33 1144 .
73 1109 150 1142 lane
167 1108 206 1150 „1
230 1109 332 1141 Hunc
357 1109 544 1141 clamorem
569 1108 780 1141 Grosulanus
804 1107 948 1149 cupiens
963 1116 1193 1148 compescere,
1218 1105 1338 1138 habuit
1353 1105 1557 1138 conscilium
1582 1114 1659 1136 cum
1683 1104 1872 1137 satelitibus

39 1162 124 1201 ouis,
148 1161 273 1206 quibus
296 1162 398 1195 dixit:
425 1161 441 1178 ‘⁴
455 1162 508 1194 Ite
531 1167 565 1194 et
587 1171 663 1198 vos;
687 1166 722 1193 et
744 1160 882 1203 publice
906 1160 1024 1203 eligite
1047 1159 1141 1191 viros
1164 1159 1208 1191 de
1232 1158 1373 1201 populo,
1398 1158 1455 1200 qui
1481 1158 1598 1190 dicant
1614 1158 1663 1189 illi
1680 1158 1868 1199 Liprando‚

37 1210 61 1235 ‘⁸
72 1220 130 1248 aut
154 1215 198 1247 ad
220 1215 491 1248 satisfactionem
514 1224 626 1247 meam
649 1214 777 1252 veniat,
795 1219 852 1245 aut
868 1214 913 1245 de
931 1219 1020 1246 terra
1035 1212 1101 1244 ista
1117 1217 1226 1250 exeat,
1245 1217 1302 1243 aut
1322 1211 1502 1255 judicium,
1526 1211 1621 1254 quod
1637 1221 1673 1242 se
1697 1211 1870 1243 facturum

15 1269 34 1313 ’,Ἰ
55 1267 243 1311 promisit,
274 1268 425 1307 faciat„.
471 1267 689 1300 Con-ciliarii
720 1267 847 1309 itaque,
871 1266 914 1298 de
936 1265 1043 1297 latere
1068 1265 1141 1297 eius
1164 1265 1343 1297 venientes
1366 1265 1411 1296 ad
1441 1264 1648 1296 concionem
1680 1264 1811 1306 populi,
1834 1263 1871 1295 in

26 1336 34 1371 ’,ι
52 1321 239 1364 espertina
261 1321 348 1353 hora
371 1320 546 1353 dominice
570 1320 639 1353 diei
663 1320 706 1352 de
729 1320 832 1352 ramis
854 1318 1044 1361 palmarum
1065 1328 1124 1350 seu
1147 1316 1338 1350 olivarum²
1362 1317 1636 1359 publicaverunt,
1659 1327 1725 1359 que
1749 1317 1870 1349 audie-

34 1380 120 1412 ,rant
135 1385 155 1406 a
171 1374 313 1407 domino
335 1384 398 1406 suo
421 1373 687 1416 archiepiscopo
710 1372 916 1405 Grosulano.
963 1371 1188 1414 Quapropter
1209 1381 1279 1403 non
1294 1370 1404 1403 solum
1421 1370 1496 1408 viri,
1513 1370 1547 1402 in
1570 1370 1740 1402 concione
1758 1370 1869 1412 electi,

18 1427 30 1455 ἶ
67 1432 216 1461 enerunt
239 1427 284 1459 ad
306 1427 534 1470 presbiterum
559 1426 649 1458 hanc
678 1426 888 1469 legationem
918 1425 1046 1463 dicere,
1069 1424 1132 1457 secl
1154 1424 1335 1456 innumera
1365 1423 1538 1456 hominum
1569 1423 1753 1456 multitudo
1778 1423 1871 1455 veuit

14 1478 138 1517 hanc
155 1481 360 1524 legationem
384 1480 599 1513 confirmare.
645 1478 703 1512 Ad
726 1488 870 1522 quorum
895 1479 1080 1511 clamorem
1104 1478 1326 1511 clamantem:
1356 1476 1512 1510 “Veniat
1535 1476 1706 1519 presbiter
1721 1476 1796 1518 ipse
1811 1476 1871 1508 Li-

49 1532 280 1577 ‘prandusl„
306 1534 381 1575 ipse
405 1533 539 1565 humilis
562 1533 681 1565 exivit.
727 1532 771 1564 Et
785 1537 824 1564 ut
847 1531 1054 1575 legationem
1070 1530 1203 1564 audivit
1220 1537 1255 1563 et
1271 1530 1454 1568 intellexit,
1471 1540 1589 1562 manus
1604 1530 1649 1561 ad
1665 1530 1761 1562 celos
1777 1529 1870 1561 leva-

20 1581 104 1629 Ϊνίτ,
128 1592 163 1620 et
184 1587 260 1619 Deo
283 1587 412 1629 gratias
435 1587 518 1630 egit,
541 1591 576 1618 et
599 1586 844 1629 interrogando
868 1585 1000 1628 legatos
1021 1584 1145 1628 inquit.
1173 1582 1188 1600 “
1205 1583 1289 1616 Vult
1312 1589 1346 1616 et
1367 1583 1508 1615 mandat
1533 1583 1608 1621 iste,
1638 1583 1732 1626 quod
1763 1582 1869 1614 michi

13 1627 42 1662 '²²‘
45 1641 62 1659 ⁴⁵
76 1640 251 1682 dicitis?„
313 1639 384 1678 Qui
409 1650 527 1672 omnes
549 1640 798 1682 respondentes
821 1639 995 1671 dixerunt:
1027 1639 1041 1656 “
1055 1637 1183 1680 Utique
1207 1637 1280 1669 vult
1296 1643 1330 1669 et
1352 1636 1533 1678 mandat*
1580 1636 1623 1668 Et
1638 1636 1808 1678 presbiter
1824 1636 1871 1667 ad

41 1704 114 1727 eos.
137 1693 152 1710 ‘⁶
166 1693 296 1726 'reram
318 1703 387 1726 non
411 1703 508 1725 exeo.
555 1691 625 1725 Sed
648 1692 685 1723 in
700 1692 774 1724 istis
797 1691 931 1724 duobus
954 1690 1074 1724 diebus
1089 1691 1252 1722 ieiunium
1269 1700 1335 1733 ago
1360 1696 1392 1722 et
1415 1691 1449 1722 in
1465 1689 1608 1733 quarta³
1631 1689 1720 1722 feria
1744 1689 1871 1721 faciam

12 1747 62 1791 &⁸
73 1746 249 1785 iudicium,
279 1752 455 1789 prestante
487 1746 571 1778 Deo,
619 1746 691 1778 Sed
712 1746 806 1778 unde
837 1744 932 1788 ligna
963 1754 1084 1782 emam,
1114 1754 1183 1776 non
1214 1743 1369 1783 habeo„.
1415 1743 1518 1775 Tunc
1550 1742 1735 1775 Grosulani
1759 1748 1793 1775 et
1821 1742 1869 1774 rei

18 1799 205 1845 publicae
219 1799 230 1817 ⁴
257 1800 405 1832 ministri
430 1800 595 1842 quercina
618 1798 724 1842 ligna,
742 1798 786 1831 ad
809 1798 942 1830 flamam
958 1797 1054 1830 etad
1078 1796 1228 1829 calorem
1252 1796 1438 1838 aptissima,
1461 1795 1601 1839 triginta
1623 1795 1743 1828 solidis
1767 1796 1873 1827 dena-

25 1855 43 1881 ἰι
60 1851 169 1884 ‘orum
193 1856 361 1889 emerunt,
384 1861 451 1894 que
475 1850 511 1882 in
535 1860 656 1892 campo
681 1856 759 1882 ante
785 1849 908 1881 atrium
930 1848 1080 1881 ecclesie
1103 1848 1214 1881 sancti
1237 1847 1413 1881 Ambrosii
1436 1848 1473 1879 in
1494 1847 1627 1879 duabus
1654 1846 1873 1888 congeribus,

31 1902 304 1946 espicientibus
326 1913 374 1940 se,
398 1907 678 1944 composuerunt;
704 1900 883 1944 longitudo
907 1911 1049 1943 quarum
1074 1900 1193 1932 decem
1219 1899 1411 1932 cubitorum
1434 1899 1511 1939 fuit,
1527 1905 1562 1932 et
1577 1898 1722 1931 altitudo
1741 1904 1774 1930 et
1798 1899 1874 1930 lati-

20 1956 127 1990 tudo
150 1956 259 1988 maior
281 1961 411 1988 statura
433 1955 582 1987 hominis
606 1955 798 1988 cubitorum
823 1960 986 1997 quatuor3
1009 1954 1064 1986 via
1087 1963 1170 1986 vero
1193 1953 1283 1985 inter
1304 1953 1398 1995 ipsas
1422 1952 1602 1995 congeries
1626 1952 1724 1984 unius
1749 1951 1874 1983 cubitis

12 2015 80 2046 met
101 2009 215 2042 semis.

133 2117 183 2148 16.
208 2136 250 2142 —
272 2115 336 2148 His
358 2116 475 2158 itaque
499 2115 675 2158 dispositis
698 2121 733 2148 et
759 2115 962 2158 quibusdam
986 2114 1090 2158 lignis
1113 2114 1148 2146 in
1171 2114 1227 2145 via
1249 2113 1472 2156 interpositis,
1493 2113 1531 2144 in
1547 2118 1668 2156 quarta
1691 2112 1780 2145 feria
1795 2124 1873 2155 pre-

12 2169 161 2209 *fl'biten
183 2168 324 2202 indutus
347 2169 476 2207 cilicio,
499 2169 642 2202 camisio
665 2175 767 2212 atque
791 2168 911 2201 cusula
934 2177 1029 2200 more
1053 2168 1255 2205 sacerdotis,
1279 2167 1323 2199 ab
1347 2166 1496 2199 ecclesia
1510 2167 1622 2199 sancti
1646 2166 1742 2198 Pauli
1767 2176 1874 2208 usque

12 2218 90 2272 sad
113 2222 295 2255 ecclesiam
319 2228 518 2263 sanctorum
539 2228 725 2266 martyrum
749 2221 896 2254 Protasti
919 2227 954 2253 et
976 2221 1134 2254 Gervasii
1156 2226 1190 2253 et
1207 2219 1393 2253 beatissimi
1409 2219 1584 2252 Ambrosii
1605 2219 1706 2252 nudis
1729 2218 1874 2262 pedibus

12 2318 15 2324 ‚
35 2285 185 2312 lcrucem
207 2276 371 2318 portavit.
418 2275 531 2317 Super
554 2285 696 2318 quorum
719 2281 916 2308 sanctorum
939 2274 1059 2312 altare,
1092 2274 1218 2307 ceteris
1247 2273 1486 2305 sacerdotibus
1516 2272 1768 2312 deficientibus,
1799 2272 1873 2315 ipse

12 2325 109 2387 {sibi
132 2329 268 2360 missam
293 2327 455 2360 cantavit.
500 2327 545 2360 Et
566 2328 668 2360 missa
690 2333 838 2365 cantata,
856 2326 1067 2360 Grosulanus
1083 2337 1234 2369 quoque,
1249 2327 1403 2369 gerendo
1419 2335 1567 2363 crucem,
1590 2327 1735 2358 eandem
1760 2325 1875 2358 eccle-

12 2375 127 2428 fficiam
150 2380 317 2419 intravit‚'
340 2386 374 2413 et
396 2380 564 2423 pulpitum
589 2391 666 2413 cum
690 2380 833 2413 Arialdo
850 2381 894 2413 de
910 2380 1125 2423 Meregnano
1150 2386 1185 2412 et
1209 2380 1375 2418 Berardo,
1398 2379 1512 2412 iudice
1530 2378 1683 2416 Astensi‚
1707 2379 1872 2411 ascendit.

13 2427 89 2491 ξιΕῐ
104 2434 198 2466 facto
213 2433 395 2466 scilentio
386 2444 419 2465 in
437 2433 576 2476 populo,
593 2439 626 2465 et
642 2433 832 2476 presbitero
850 2439 960 2466 stante
985 2433 1084 2465 nudis
1099 2432 1246 2475 pedibus
1268 2442 1371 2475 super
1385 2432 1537 2475 lapidem
1555 2442 1794 2470 marmoreum,
1811 2432 1870 2475 qui

11 2525 12 2528 ¹
14 2475 82 2535 {gin
104 2487 250 2519 introitu
273 2487 372 2519 chori
397 2487 552 2519 continet
575 2487 757 2519 Herculis⁵
781 2486 1010 2524 simulacrum,
1033 2486 1125 2518 idem
1150 2485 1365 2518 Grosulanus
1388 2486 1435 2517 ait
1458 2486 1503 2517 ad
1525 2485 1703 2527 populum:
1735 2486 1871 2517 “Aten-

14 2552 17 2562 ι
50 2538 173 2578 “dite,'
198 2540 278 2583 quia
299 2540 334 2571 in
357 2540 466 2572 tribus
488 2539 602 2572 verbis
625 2539 716 2572 hunc
738 2539 912 2572 hominem
935 2539 1070 2572 vincam
1089 2546 1123 2571 et
1138 2538 1210 2581 ejus
1233 2538 1471 2571 confusionem
1496 2539 1671 2570 ostendam
1686 2560 1717 2579 „.
1762 2538 1807 2570 Et
1829 2537 1874 2570 ad

22 2585 273 2636 presbiterum
294 2593 423 2635 inquit:
450 2591 466 2609 “
483 2592 679 2635 Proposisti,
704 2593 798 2635 quod
820 2603 885 2635 ego
909 2603 982 2624 sum
998 2592 1229 2625 simoniachus
1252 2602 1315 2633 per
1338 2602 1458 2624 manus
1473 2602 1495 2623 a
1511 2602 1622 2623 manu.
1669 2591 1777 2623 Modo
1794 2590 1870 2622 dic:

17 2735 37 2748 :.
137 2711 180 2737 ²3·
199 2702 263 2737 iste]
279 2704 309 2729 H
326 2706 402 2736 porta
420 2705 443 2728 i⁸
460 2703 504 2728 che
521 2703 543 2728 il
559 2703 642 2729 SAssx
654 2703 721 2735 lagga
738 2711 786 2729 con
802 2703 827 2728 R
845 2704 915 2737 lpse,
934 2706 1029 2729 mentre
1047 2704 1076 2728 N
1094 2703 1129 2728 ha
1146 2704 1176 2728 id
1196 2717 1228 2721 —-
1247 2711 1290 2735 41.
1309 2701 1419 2737 manus]
1438 2703 1463 2728 R
1481 2711 1494 2728 ε
1511 2703 1540 2728 Ν
1558 2703 1650 2734 dicono
1662 2702 1753 2734 meglio
1766 2709 1876 2732 munus,

10 2745 34 2786 ᾖ
48 2753 117 2774 bomo
134 2749 200 2779 pure
218 2745 322 2778 leggono
340 2747 514 2780 proposuisti
533 2746 619 2771 invoca
637 2745 665 2771 ai
683 2746 843 2779 proposisti

16 2875 18 2879 ,
133 2843 140 2860 ι
160 2845 184 2868 Il
205 2845 304 2869 nostro
322 2845 428 2868 storico
446 2844 592 2869 trovavasi
611 2844 703 2868 allora
721 2851 737 2868 a
756 2843 882 2868 studiare
902 2845 931 2868 in
987 2845 1068 2869 volta
1087 2845 1136 2869 che
1156 2844 1181 2869 si
1201 2845 1332 2869 incontra
1356 2844 1430 2868 nelle
1455 2843 1543 2868 storie
1569 2843 1696 2867 milanesi
1723 2843 1750 2867 la
1776 2842 1874 2875 pai-ola

45 2886 167 2912 Francia
185 2886 339 2918 (Orleaus).
986 2886 1144 2919 respublica,

133 2968 144 2984 ³
162 2970 201 2995 Al
222 2975 254 3002 25
275 2970 305 2995 di
325 2977 418 2994 marzo
438 2969 540 3002 (1103).
986 2970 1089 3005 (Ambr.
1109 2971 1183 2996 Med.
1201 2970 1287 2996 Basil.
1301 2969 1438 3003 Monum.)
1451 2971 1477 2995 al
1493 2978 1519 2995 n.
1534 2975 1599 3001 2973
1613 2968 1672 2994 cosi
1686 2977 1754 3001 pure
1769 2969 1788 2992 il
1804 2968 1874 2993 Gni-

133 3013 143 3030 ⁴
161 3013 186 3038 11
199 3012 312 3039 Giulini
328 3022 441 3039 osserva
453 3013 513 3046 (IV,
527 3013 589 3046 488)
603 3014 652 3039 che
664 3012 679 3038 ὲ
691 3016 788 3046 questa
802 3014 830 3038 la
843 3015 934 3046 prima
987 3019 1061 3043 unx,
1088 3014 1107 3038 l.
1127 3022 1148 3038 c.

1940 534 1960 550 C.
1978 533 2026 553 772!

1964 2393 1984 2409 c.
1998 2388 2045 2412 787

1938 2548 2012 2571 Mun.¹
2028 2548 2067 2572 ⁴8²

132 2927 144 2945 ¹
163 2928 278 2954 Cadeva
298 2929 342 2953 nel
365 2935 429 2960 1103
451 2929 478 2953 ai
498 2935 529 2952 22
551 2929 580 2952 di
599 2935 706 2954 marzo.
1074 2928 1085 2943 ⁵
1103 2929 1141 2953 Di
1161 2931 1259 2961 questo
1279 2929 1431 2953 simulacro
1450 2929 1530 2961 parla
1549 2935 1565 2951 a
1584 2928 1671 2960 lungo
1691 2927 1712 2951 il
1738 2927 1872 2951 Puricelli
1904 2932 1937 2950 ιο
