2288 3476
768 216 1101 252 PREFAZIONE
1690 215 1858 252 XXXIII

6 287 14 297 -.’
21 291 55 306 ι,...
56 292 1858 299 ................................................................................................................................................................................................

14 338 135 379 „mutis
158 344 193 371 et
214 343 332 371 narrat
354 339 511 381 pulcrum
534 339 747 377 miraculum,
763 339 858 382 quod
873 339 1021 382 contigit
1044 339 1079 370 in
1095 338 1153 371 illa
1168 344 1326 372 contrata
1341 349 1402 371 suo
1426 344 1591 381 tempore.
1639 338 1859 371 Miraculum.

3 383 29 434 ζ
57 402 112 424 am
135 391 275 435 quidam
297 392 431 424 vicinus
456 391 638 425 adamabat
661 401 804 425 uxorem
826 392 974 434 proximi
998 391 1100 438 etc.¹·.

12 435 14 438 ’
109 445 185 477 Istis
215 445 392 487 premissis
421 446 603 478 redeamus
633 446 679 478 ad
708 446 907 489 hystoriam.
956 444 1042 477 Cum
1073 446 1176 489 igitur
1207 445 1318 478 dictus
1348 456 1411 478 rex
1443 445 1601 478 Parmam
1633 454 1756 488 capere
1788 455 1856 478 non

14 492 29 511 ·”’
52 513 95 526 ιΗ
111 503 146 537 t,
171 499 377 531 convocavit
399 499 523 531 ducem
546 498 765 531 Bonifacium
790 500 834 531 ad
859 498 931 531 eius
954 499 1128 537 auxilium,
1152 500 1211 542 qui
1234 505 1447 543 congregato
1472 499 1627 531 exercitu
1650 498 1804 542 equitum
1828 504 1861 531 et

73 550 175 584 ·‘tum
198 551 292 584 venit
315 552 347 583 ei
369 553 406 584 in
429 552 623 590 aiutorium,
647 553 740 595 quod
763 552 921 585 adientes
947 552 1037 584 cives
1060 563 1259 594 parmenses
1282 553 1384 585 valde
1416 553 1601 585 timuerunt
1626 558 1661 584 et
1683 557 1862 595 sperantes

88 604 325 637 misericordia
348 605 515 647 principis
531 606 575 638 de
590 605 694 648 plano
711 606 910 647 aperierunt
925 611 1043 647 portas
1058 605 1132 649 regi
1150 612 1183 638 et
1206 611 1466 647 prostraverunt
1481 616 1518 638 se
1534 606 1569 637 in
1585 611 1710 638 terram
1725 605 1859 637 veniam

43 660 194 690 vtentes:
220 658 288 690 duo
304 665 418 691 autem
435 659 478 692 de
494 664 594 701 parte
610 659 702 701 regis
724 658 900 691 fortissimi
916 659 1016 699 (corr.
1042 659 1086 690 da
1102 659 1366 700 ferventissima)
1389 665 1426 692 et
1439 659 1634 702 probissimi
1657 658 1739 691 licet
1755 658 1861 690 homi-

2 711 3 714 ’
27 708 75 739 ⁷·.-:
97 711 178 742 mali
195 716 231 743 et
246 711 369 754 iniqui,
392 712 585 755 evaginatis
607 712 735 755 gladiis
758 712 931 745 cedebant
948 717 984 744 et
1007 711 1263 754 depopulabant
1290 722 1488 754 parmenses
1511 718 1545 744 et
1568 713 1662 744 facta
1686 717 1737 744 est
1751 712 1788 743 in
1802 711 1862 743 illa

33 763 80 797 ·‘e
101 773 228 807 magna
250 765 354 797 cedes
377 771 412 798 et
434 765 524 807 passi
547 764 852 798 interficiebantur.
899 765 1002 797 Tunc
1033 766 1172 808 quidam
1197 765 1327 797 strenui
1359 765 1499 798 iuvenes
1529 766 1622 808 ipsos
1646 766 1733 798 duos
1763 765 1861 796 inva-

23 811 146 850 entes
169 817 384 857 occiderunt,
406 823 550 860 propter
573 828 718 861 quorum
742 824 886 850 mortem
910 818 1089 860 predictus
1111 829 1172 851 rex
1195 819 1371 851 mandavit
1393 825 1499 852 totam
1523 819 1697 852 civitatem
1720 818 1862 850 incendi

22 870 118 903 ἰιιοά
140 875 175 902 et
197 871 331 903 factum
355 876 416 903 est.

110 922 216 956 N'ota.
264 922 345 962 Quo
361 923 455 956 facto
471 924 627 956 dominus
643 924 839 957 Bonifatius
856 925 1032 966 predictus
1048 934 1126 956 cum
1142 925 1282 957 domino
1299 935 1380 967 rege
1395 936 1540 968 magnus
1556 925 1727 958 contraxit
1743 925 1862 957 amici-

86 975 310 1019 npublicum
325 977 587 1009 instrumentum
610 977 802 1010 iuramento
826 978 1075 1011 interveniente
1099 978 1321 1010 firmaverunt
1336 979 1425 1011 inter
1440 989 1476 1011 se
1500 989 1623 1021 pacem
1646 985 1861 1022 perpetuam,

39 1028 59 1063 t
80 1030 237 1063 dominus
261 1040 324 1062 rex
348 1030 561 1063 confirmavit
584 1029 651 1063 sibi
674 1031 790 1063 omnia
813 1031 890 1063 iura
913 1036 948 1063 et
977 1031 1170 1074 privillegia
1197 1031 1390 1073 imperialia
1420 1032 1506 1064 fecit
1528 1042 1605 1064 eum
1628 1032 1863 1064 marchionem

46 1082 254 1116 ·Marchia.
301 1083 428 1116 Nescio
451 1084 492 1115 de
514 1094 580 1126 qua
602 1084 672 1115 sive
694 1084 735 1115 de
756 1082 1004 1116 ΑηιοΙιοηιίαηα
1034 1084 1124 1127 quod
1141 1087 1226 1126 puto
1248 1085 1319 1116 sive
1351 1084 1392 1116 de
1422 1085 1592 1126 lanuensi,
1623 1095 1691 1117 swe
1714 1085 1754 1116 de
1781 1084 1863 1117 Trz-

1 913 33 955 1Ι

2 951 67 1074 ἰ

5 1127 34 1164 ἴ
45 1157 48 1161 ›
54 1137 150 1169 'anm
195 1136 240 1169 Et
262 1136 307 1168 de
329 1137 487 1169 omnibus
508 1137 575 1169 sibi
590 1136 765 1169 concessis
789 1148 808 1169 a
830 1147 915 1180 rege
938 1137 1101 1170 Conrado
1117 1137 1230 1179 primo
1254 1138 1312 1180 qui
1336 1137 1576 1181 gubernabat'
1566 1138 1746 1180 imperium
1771 1138 1865 1171 facta

5 1166 102 1222 1»nt
123 1189 265 1232 publica
289 1190 526 1223 instrumenta.

6 1202 42 1315 l

116 1296 311 1340 Capitulum
335 1297 498 1340 quintum.
544 1297 588 1329 In
611 1297 726 1330 dicbus
747 1298 826 1332 ilus.
872 1297 1012 1331 Mortuo
1044 1298 1251 1340 imperatore
1275 1298 1439 1331 Conrado
1462 1299 1620 1341 predicto
1644 1299 1810 1332 successit
1832 1299 1864 1331 ei

8 1335 45 1399 {s}
48 1366 53 1378 ι
82 1359 227 1394 regnum
251 1349 339 1382 filius
365 1350 538 1383 Hem-icus
569 1351 642 1383 eius
666 1351 818 1393 prudens
848 1357 882 1384 et
905 1352 1036 1393 peritus
1066 1357 1100 1383 et
1122 1352 1268 1384 firmavit
1298 1361 1422 1394 pacem
1453 1362 1532 1384 cum
1556 1352 1645 1384 duce
1675 1351 1865 1387 Bonifatio.

52 1402 170 1436 ccidit
191 1404 287 1446 quod
309 1403 451 1446 quidam
466 1403 602 1436 nobiles
618 1404 662 1436 de
685 1404 900 1448 Burgundia,
926 1404 1022 1437 Nota
1038 1405 1128 1447 quod
1147 1405 1361 1447 Burgundza
1385 1410 1525 1437 vocatur
1540 1416 1576 1437 m
1596 1405 1746 1437 cronicis
1769 1405 1863 1438 Allo-

10 1394 46 1522 }
66 1467 158 1499 ages.
205 1456 429 1490 Revellarent
452 1457 569 1490 Cesari
600 1457 755 1490 Henrico
786 1459 963 1500 quoddam
994 1463 1143 1490 castrum
1171 1458 1401 1502 expugnabile
1425 1465 1506 1491 tunc
1530 1459 1665 1491 vocavit
1689 1458 1866 1491 Marchio-

22 1502 44 1515 ’
59 1520 105 1542 m
127 1509 339 1543 Bonifatium
361 1510 398 1542 in
421 1520 518 1542 suum
541 1510 748 1553 presidium:
773 1511 833 1554 qui
855 1517 1002 1554 accepto
1026 1512 1240 1553 competenti
1255 1512 1412 1544 exercitu
1436 1513 1480 1545 de
1503 1511 1757 1555 Lungobardis‚
1771 1518 1865 1544 tran-

12 1526 49 1605 ξ
43 1562 105 1596 vit
126 1561 245 1605 Alpes,
269 1574 417 1607 cumque
441 1564 736 1606 appropinquaret
758 1564 804 1597 ad
827 1565 1027 1603 exercitum,
1051 1565 1229 1597 mandavit
1250 1565 1325 1608 regi
1349 1565 1442 1608 quod
1466 1566 1558 1598 solos
1582 1576 1659 1598 cum
1684 1571 1789 1609 gente
1805 1575 1866 1597 sua

14 1606 51 1666 33.
57 1615 166 1649 lebat
187 1616 253 1649 sibi
276 1622 427 1649 castrum
451 1617 547 1650 dare.

37 1708 42 1711 .
114 1668 170 1702 Illi
192 1675 306 1702 autem
331 1670 375 1703 de
400 1676 511 1703 castro
536 1670 691 1703 exierunt
714 1671 758 1703 ad
781 1681 901 1703 manus
924 1681 1001 1703 cum
1026 1671 1115 1704 duce
1138 1670 1313 1704 Bonifatio
1337 1678 1372 1704 et
1402 1672 1476 1705 eius
1498 1677 1615 1715 gente,
1647 1683 1724 1704 cum
1753 1677 1866 1704 autem

20 1758 44 1772 7
55 1722 252 1755 mmitteret
274 1723 414 1762 bellum,
437 1730 521 1756 tunc
537 1724 608 1756 dux
631 1723 823 1757 Bonifatius
845 1724 1087 1756 inmirabiliter
1110 1725 1205 1767 cepit
1227 1725 1378 1757 exortari
1401 1731 1435 1758 et
1459 1726 1611 1758 animare
1635 1736 1714 1758 suos
1737 1725 1867 1758 tirones

21 1771 45 1819 .“]
80 1775 180 1808 simul
196 1781 231 1808 et
245 1777 354 1809 semel
376 1776 504 1819 pulsari
520 1787 650 1810 cornua
664 1783 698 1809 et
720 1778 824 1810 talem
848 1778 1004 1810 timorem
1027 1778 1235 1811 adversariis
1258 1779 1410 1818 incussit,
1433 1779 1527 1821 quod
1552 1785 1722 1821 ceperunt
1745 1779 1868 1822 fugere

19 1813 61 1859 ξ
94 1835 242 1862 castrum
266 1830 361 1872 quod
383 1830 436 1862 illi
461 1830 649 1863 exiverant.
693 1830 797 1863 Tunc
821 1831 981 1863 dominus
1003 1830 1196 1864 Bonifatius
1212 1841 1290 1863 cum
1306 1838 1409 1875 gente
1427 1843 1487 1864 sua
1510 1843 1721 1875 persequens
1745 1842 1804 1864 eos
1821 1831 1869 1863 ita

16 1895 34 1947 »ᾖ
52 1881 95 1915 t
116 1883 219 1915 velox
242 1883 336 1926 quod
359 1883 459 1916 simul
483 1894 561 1916 cum
592 1884 641 1916 eis
663 1883 814 1922 intravit,
848 1890 996 1916 castrum
1027 1884 1142 1927 acepit
1166 1884 1253 1917 illud
1275 1891 1310 1918 et
1332 1886 1510 1918 mandavit
1540 1885 1682 1919 domino
1714 1884 1867 1917 Henrico

53 1935 229 1978 ·peratori
253 1936 347 1978 quod
371 1941 520 1968 castrum
545 1942 580 1969 et
601 1936 748 1978 patriam
771 1937 908 1980 recipet
929 1937 976 1969 ad
998 1947 1094 1969 suam
1117 1937 1364 1976 obedientiam,
1388 1939 1483 1981 quod
1506 1944 1539 1971 et
1562 1938 1693 1971 factum
1717 1944 1778 1970 est.

16 1953 73 2054 ιζ
117 1987 199 2022 Fuit
222 1995 335 2022 autem
357 1989 500 2022 multum
523 1995 703 2032 reputatus
726 1990 886 2022 dominus
908 1989 1101 2023 Bonifatius
1124 1991 1218 2033 quod
1234 1991 1281 2024 ita
1298 1991 1368 2024 cito
1384 1992 1499 2034 potuit
1522 2002 1648 2034 capere
1664 1992 1700 2024 id
1716 1997 1867 2024 castrum

24 2069 51 2091 k
58 2052 105 2073 m
127 2042 224 2074 multi
240 2042 387 2076 barones
401 2043 462 2085 qui
476 2043 624 2075 maiores
639 2043 672 2074 ei
688 2043 936 2086 reputabantur
951 2054 1013 2086 per
1028 2043 1134 2076 multa
1156 2049 1311 2086 tempora
1334 2045 1543 2078 obsederant
1565 2044 1696 2078 dictum
1721 2050 1867 2077 castrum

24 2089 52 2147 ξιξ
82 2105 256 2138 nunquam
279 2101 466 2138 potuerunt
488 2095 575 2128 illud
598 2106 735 2139 capere.
781 2097 883 2129 Tunc
906 2097 994 2130 dixit
1017 2097 1174 2130 dominus
1190 2097 1382 2130 Bonifatius
1406 2099 1500 2141 quod
1524 2098 1663 2131 volebat
1685 2098 1799 2130 redire
1823 2098 1869 2130 ad

26 2139 70 2234 ἶὲἱ
104 2157 142 2181 es
155 2158 244 2187 suas,
267 2149 404 2192 rogavit
426 2149 602 2181 dominum
619 2149 861 2192 imperatorem
877 2150 970 2193 quod
986 2150 1022 2182 in
1037 2155 1213 2193 posterum
1229 2150 1295 2183 sibi
1312 2157 1471 2192 parceret
1486 2151 1566 2194 quia
1581 2157 1671 2183 esset
1693 2151 1834 2183 nimium
1851 2161 1870 2183 a

77 2201 166 2234 --otis
189 2202 284 2245 quod
306 2211 366 2235 rex
389 2201 454 2235 sibi
478 2202 644 2244 promisit.
691 2201 778 2234 Cum
802 2208 916 2235 autem
932 2203 1090 2235 dominus
1106 2203 1299 2236 Bonifatius
1323 2204 1455 2236 rediret
1478 2204 1608 2236 accidit
1630 2210 1668 2236 ut
1690 2204 1869 2236 transitum
1894 2223 1896 2225 v

29 2287 58 2310 ἦ
65 2259 160 2287 eret
171 2264 276 2298 penes
291 2255 466 2297 quoddam
482 2261 630 2288 castrum
647 2256 856 2299 Burgundie,
873 2256 1028 2289 scutiferi
1045 2262 1160 2288 autem
1177 2256 1335 2289 videntes
1350 2263 1486 2300 segetes
1500 2257 1590 2289 illius
1605 2258 1697 2301 regis
1710 2257 1745 2298 (l)
1761 2257 1871 2289 laten-

30 2311 43 2330 ⁴:
63 2324 67 2333 ι
95 2307 271 2340 intrabant
295 2318 434 2351 campos
457 2318 535 2341 cum
560 2309 666 2352 equis,
690 2309 847 2342 homines
870 2315 985 2342 autem
1007 2309 1098 2342 illius
1120 2310 1191 2342 loci
1214 2310 1259 2342 ad
1284 2321 1379 2342 arma
1395 2315 1572 2343 currentes
1588 2310 1771 2343 scutiferos
1795 2310 1870 2342 vul-

0 2389 1 2392 ,
31 2340 58 2421 ζ
63 2378 76 2387 *⁴
99 2367 236 2394 :verunt
259 2368 293 2394 et
315 2371 422 2405 equos
444 2361 489 2394 ab
512 2362 562 2394 eis
580 2362 806 2396 abstulerunt.
854 2363 930 2395 Hec
947 2369 1061 2396 autem
1076 2363 1245 2396 numtiata
1260 2370 1339 2396 sunt
1355 2363 1495 2396 domino
1511 2363 1686 2396 Bonifatio
1709 2363 1765 2406 qui
1781 2363 1872 2395 ordi-

32 2446 55 2476 ⁸1:
53 2413 124 2446 vit
146 2414 240 2457 quod
263 2423 339 2446 xxx
361 2415 404 2447 de
420 2415 492 2447 suis
514 2415 678 2448 militibus
701 2415 791 2448 irent
805 2416 851 2449 ad
866 2422 1016 2448 castrum
1040 2422 1075 2448 et
1089 2416 1289 2448 simularent
1306 2416 1443 2458 fugam:
1467 2426 1614 2459 cumque
1631 2416 1679 2448 illi
1696 2415 1740 2448 de
1758 2422 1870 2448 castro

0 2480 3 2500 ι
72 2473 292 2511 querentur
313 2467 392 2499 illos
415 2477 490 2500 xxx
512 2474 548 2500 et
571 2478 608 2500 se
632 2468 775 2501 multum
798 2468 1026 2502 removissent
1048 2480 1069 2501 a
1084 2475 1207 2508 castro,
1224 2475 1306 2501 tunc
1323 2469 1392 2501 dux
1409 2479 1487 2501 cum
1504 2469 1572 2501 alio
1589 2469 1744 2502 exercitu
1766 2468 1872 2501 exivit

97 2519 229 2553 insidiis
250 2520 311 2553 ubi
333 2530 370 2553 se
393 2527 557 2563 posuerat
581 2527 615 2553 et
639 2521 734 2564 cepit
757 2532 876 2554 omnes
899 2522 943 2554 de
968 2527 1093 2555 castro.

58 2582 61 2583 ’
119 2573 225 2607 Nota.
271 2574 316 2606 Et
339 2574 384 2607 ad
405 2580 607 2616 perpetuam
629 2575 681 2607 rei
703 2576 905 2608 memoriam
927 2575 1014 2608 fecit
1037 2575 1194 2608 omnibus
1217 2577 1386 2618 amputari
1410 2576 1632 2620 auriculas-et
1647 2586 1748 2608 nasos
1771 2581 1806 2608 et
1820 2581 1872 2608 tot

0 2652 5 2660 .
37 2618 74 2683 ἐν·
112 2632 171 2659 ant
193 2627 288 2670 quod
310 2633 381 2659 tres
404 2627 510 2670 clipei
538 2627 663 2669 repleti
693 2634 772 2660 sunt
803 2628 847 2660 de
872 2628 1035 2662 auriculis
1063 2634 1097 2661 et
1118 2628 1258 2661 naribus
1281 2629 1470 2668 brutorum,
1501 2628 1814 2672 Allobrogemium:
1839 2634 1873 2661 et

0 2698 6 2705 ·
106 2689 166 2712 eos
189 2680 332 2713 dimisit.

0 2745 7 2766 e
44 2718 69 2775 {¹³3
119 2732 203 2765 Erat
225 2740 339 2766 autem
363 2733 511 2776 quedam
534 2739 690 2766 matrona
713 2734 810 2766 dives
832 2735 934 2767 valde
950 2744 1018 2777 que
1033 2734 1142 2766 filium
1166 2734 1275 2767 voluit
1290 2735 1462 2767 redimere
1479 2746 1522 2768 ne
1546 2741 1764 2768 truncaretur
1786 2735 1874 2768 sicut

44 2778 69 2827 J
91 2785 152 2824 eri,
174 2787 380 2829 promittens
395 2786 553 2819 daturum
570 2792 702 2819 tantum
719 2787 763 2819 de
781 2794 925 2830 argento
941 2798 1029 2830 puro
1045 2793 1209 2830 quantum
1233 2788 1366 2820 iuvenis
1388 2787 1614 2829 ponderabat,
1630 2789 1692 2821 sed
1715 2788 1874 2821 dominus

37 2834 230 2880 „ganifatius
252 2839 372 2872 noluit.
417 2839 463 2872 Et
485 2850 642 2872 reversus
663 2845 716 2872 est
739 2840 784 2872 ad
806 2840 946 2883 propria
969 2851 1046 2873 cum
1077 2846 1156 2873 cetu
1178 2851 1240 2873 suo
1263 2841 1456 2873 incolumis.

40 2881 59 2916 ij
63 2878 71 2901 ‘¹

0 2924 11 2942 tt
48 2926 58 2931 a

0 2962 11 2985 ἴτε
123 2959 132 2977 ¹
150 2961 230 2987 Avea
249 2963 369 2987 visItato
383 2962 411 2986 la
425 2961 521 2986 donna
536 2963 645 2987 mentre
658 2962 680 2986 il
695 2963 798 2987 marito
811 2962 923 2987 andava
979 2953 999 2987 E·
1020 2970 1102 2995 preso
1127 2963 1174 2987 dal
1200 2965 1322 2988 trattato
1348 2963 1375 2987 di
1403 2963 1429 2988 S.
1451 2964 1524 2988 Pmn
1543 2964 1694 2993 Damam.
1715 2966 1758 2989 De
1776 2966 1871 2990 divina

119 3010 174 3028 sat
188 3005 384 3029 scomunicato
404 3003 436 3028 fu
455 3004 552 3029 ucciso
571 3004 617 3028 dal
639 3003 757 3028 diavolo
777 3004 807 3028 ln
828 3004 931 3029 chiesa.
985 3005 1185 3036 omm'potentia,
1210 3006 1301 3037 Opera
1320 3006 1414 3034 omnia,
1434 3006 1540 3038 Parigi,
1560 3008 1639 3031 tomo
1658 3006 1706 3038 111,
1729 3012 1787 3039 177.

47 3126 59 3160 ἰ
166 3118 198 3143 Τ.
218 3118 250 3148 V,
271 3126 298 3151 p.
317 3125 342 3143 11
363 3132 394 3138 -—
417 3120 445 3144 C.

46 3215 59 3242 tr
