2288 3476
54 335 1880 346 ..................................................................................................................................................................................................

436 384 518 418 Otto
542 384 586 417 de
611 390 693 417 nato
716 384 860 416 nimium
884 383 1003 422 doluit,
1026 383 1192 417 tumulato

435 438 525 480 Ipso,
549 437 735 471 confestim
758 437 884 471 multos
906 447 969 469 rex
991 437 1066 480 ipse
1088 437 1223 470 revexit

334 505 387 531 390
432 490 568 524 Italiam
591 500 719 530 secum,
742 500 844 534 quem
867 490 1012 533 pacifice
1035 489 1211 533 petierunt

434 543 560 577 Cuncti
583 543 781 582 Lombardi,
805 543 871 577 sibi
896 544 1020 577 dantes
1043 543 1175 586 oppida
1197 543 1321 588 gratim

433 597 522 631 Cum
545 597 668 641 quibus
691 603 726 630 et
749 598 898 630 Romam
920 597 1032 640 petiit,
1056 597 1224 640 regnique
1247 606 1410 631 coronam

431 651 466 683 A
487 662 581 694 papa
603 651 731 694 coepit,
753 650 906 683 feliciter
928 650 1080 693 indeque
1105 650 1224 683 crevit.

435 703 641 737 Muneribus
664 704 797 748 magnis
820 703 985 737 Attonem
1009 704 1097 736 ditat
1120 709 1156 736 et
1178 703 1265 745 altis,

337 772 389 798 395
437 757 503 791 Cui
526 757 712 790 nonnullos
734 757 919 790 comitatus
943 756 1091 790 contulit
1113 757 1214 790 ultro.

435 810 505 844 Per
527 821 630 854 quem
653 810 823 854 regnabat
844 810 894 843 nil
916 810 1039 842 mirum
1062 810 1088 842 si
1112 810 1321 852 peramabat.

36 949 81 983 11.
105 949 235 994 Refert
258 949 402 982 canossa
424 960 573 982 amorem
595 948 733 981 Attonis
754 959 844 991 erga
866 959 912 990 se,
929 953 963 980 et
977 949 1140 992 quomodo
1155 948 1339 991 adquisivit
1361 952 1511 993 corpora
1526 950 1710 982 martirum
1740 950 1886 983 Victoris

124 1007 159 1035 et
182 1002 344 1044 Coronae,
367 1006 401 1035 et
422 1001 583 1034 Sanctum
606 1001 826 1045 Apollonium
848 1001 1044 1044 episcopum
1068 1005 1103 1033 et
1123 1001 1376 1045 consessorem.'
1940 1009 2016 1034 Mun„
2031 1015 2070 1035 ³⁵0

434 1095 613 1129 Ditescens
636 1094 721 1128 Atto
744 1104 823 1127 mea
843 1094 983 1127 moenia
1006 1094 1103 1127 duxit
1128 1094 1164 1126 in
1187 1094 1309 1127 altum:
1967 1114 1988 1128 c.
2004 1113 2029 1133 ,ρ
2046 1114 2060 1128 r

433 1148 500 1182 Per
522 1159 577 1181 me
601 1148 698 1181 dives
721 1153 805 1185 erat,
829 1158 890 1181 sua
911 1158 975 1190 per
997 1159 1052 1180 me
1076 1154 1202 1181 cuncta
1223 1148 1383 1181 tenebat:
1903 1134 2061 1186 (Τηῗῖιιίίἷ
2074 1134 2122 1161 'm

430 1201 486 1235 Ac
507 1202 588 1235 ideo
611 1207 738 1234 cuncta
759 1200 945 1234 veniebant
968 1211 1057 1244 quae
1079 1201 1146 1234 sibi
1168 1201 1328 1244 pulchra,

334 1271 388 1296 400
431 1255 586 1295 Loricas,
608 1255 736 1293 hastas,
760 1254 905 1298 clipeos,
929 1265 1029 1288 enses
1051 1254 1137 1286 mihi
1160 1254 1313 1288 mandat.

430 1309 586 1342 Artubus
608 1319 652 1342 ex
675 1308 785 1342 sacris
809 1308 989 1342 decoravit
1011 1319 1066 1341 me
1088 1308 1183 1342 velut
1206 1308 1325 1348 armis3

431 1363 513 1396 Rex
536 1362 676 1406 quidam
700 1362 808 1395 donat
830 1361 897 1394 sibi
919 1362 1170 1405 Victoremque
1194 1362 1378 1401 Coronam,

432 1414 586 1449 Poenam
609 1415 759 1448 cervicis
781 1426 860 1449 nam
883 1425 948 1458 pro
972 1414 1170 1448 diademate
1193 1414 1293 1454 caeli,

433 1469 601 1502 Sustinuit
623 1468 722 1501 miles
743 1468 871 1502 Victor
892 1468 1128 1501 sanctissimus
1150 1469 1240 1502 iste:

337 1537 388 1564 405
436 1522 566 1556 Sancta
587 1523 654 1555 fuit
677 1523 749 1556 lota
771 1532 958 1565 secumque
982 1532 1107 1555 cruore
1129 1522 1281 1556 Corona.

431 1576 539 1609 Duxit
561 1576 619 1609 hic
644 1576 706 1609 hos
729 1575 822 1614 Atto,
845 1576 971 1609 multos
995 1575 1080 1608 alios
1102 1586 1240 1619 quoque
1263 1582 1412 1609 sanctos.

433 1629 626 1673 Relliquias
648 1630 736 1662 alias
759 1629 856 1663 dedit
876 1628 928 1662 illi
951 1628 1070 1662 Brixia
1092 1639 1230 1673 magna,

431 1683 522 1716 Nam
545 1690 650 1726 caput
672 1693 714 1716 ac
737 1683 916 1716 humerum
941 1684 1098 1717 dextrum
1121 1684 1320 1727 pariterque
1342 1683 1509 1717 lacertum

431 1737 542 1770 Huius
564 1736 755 1779 Apollonii,
778 1737 1003 1770 vehementer
1025 1737 1291 1776 honorificandi,

336 1805 390 1831 410
434 1790 553 1824 Offert
574 1790 683 1834 gratis
706 1790 750 1830 ei,
774 1790 984 1823 Gotefredus
1007 1790 1194 1833 episcopus
1217 1791 1292 1837 egit

431 1843 519 1884 Hoc,
543 1844 625 1888 quia
648 1845 693 1878 de
715 1843 842 1877 lumbis
864 1849 938 1878 erat
961 1849 1057 1877 ortus
1079 1844 1247 1887 principis
1271 1845 1383 1877 huius.

431 1897 499 1930 Hic
521 1897 638 1941 presul
659 1907 793 1930 sacram
816 1898 984 1931 reseravit
1008 1898 1163 1940 corporis
1184 1908 1312 1937 arcam,

122 2045 149 2062 v.
158 2036 227 2070 395)
240 2037 389 2062 anunos
407 2037 562 2063 comitatum
581 2036 738 2062 Adalberto
752 2037 830 2062 Azzo
844 2037 875 2062 in
888 2044 927 2062 un
1070 2037 1125 2062 Fra
1146 2037 1166 2062 11
1185 2037 1274 2062 titolo
1293 2045 1308 2062 e
1327 2037 1350 2062 il
1369 2038 1443 2062 testo
1463 2038 1568 2062 stanno
1589 2038 1616 2062 le
1634 2037 1688 2062 due
1706 2038 1805 2063 tavole
1824 2037 1850 2063 11
1868 2044 1883 2062 e

41 2078 162 2113 iplom
181 2080 210 2104 di
230 2079 340 2105 Ottone
358 2080 372 2105 1
389 2080 435 2105 del
449 2079 499 2113 962
515 2080 557 2112 (in
577 2081 619 2105 M.
645 2080 675 2106 G.
698 2081 743 2110 H..
763 2080 891 2111 anlom„
904 2079 925 2111 1,
979 2078 1021 2104 m
1039 2086 1094 2104 con
1114 2080 1124 2104 1
1144 2080 1219 2105 versi

57 2147 59 2151 ,
70 2119 98 2156 3)
111 2120 126 2147 δ
138 2121 233 2148 detto:
248 2122 262 2136 ⁰⁴
272 2123 307 2147 A.
322 2122 419 2148 incliti
433 2122 548 2148 comitis
561 2122 699 2155 Regensis
713 2123 774 2148 sive
786 2122 929 2148 Mutlnen·
1021 2147 1043 2164 Χ.
1065 2141 1186 2171 Corpora
1205 2144 1364 2171 sanctorum,
1386 2140 1445 2165 Rex
1463 2140 1560 2165 Auni
1577 2141 1653 2165 dedit
1670 2141 1771 2166 horum,

59 2164 140 2197 ’μή
159 2165 252 2197 quun
270 2172 324 2190 ὀη
344 2165 458 2197 dunque
476 2165 488 2189 l
506 2164 560 2190 due
578 2166 710 2214 comftati
730 2166 873 2198 assegnnti
894 2166 930 2190 da
1019 2188 1042 2207 2.
1062 2183 1187 2207 Membra
1212 2186 1288 2207 secat
1307 2183 1397 2208 sancti
1427 2183 1589 2215 Gotefredus
1608 2184 1676 2207 dans
1694 2191 1726 2207 ea
1739 2182 1829 2214 patri.

45 2209 54 2225 ⁵
88 2212 142 2231 one
154 2206 190 2231 ad
203 2205 293 2231 Azzo.
313 2206 346 2231 Ιιι
356 2214 394 2231 un
405 2209 467 2231 atto
477 2207 506 2231 di
518 2214 570 2232 nuo
583 2206 663 2240 figho
676 2206 813 2236 Tedafflo,
823 2205 838 2232 ὲ
849 2207 929 2232 detto

69 2249 169 2275 archia.
195 2249 275 2275 Mun.
303 2241 324 2275 ὲ
337 2251 414 2274 certo
427 2250 529 2275 infntti
543 2250 594 2275 che
608 2250 686 2283 negli
700 2250 796 2275 ultimi
818 2250 887 2275 anni
900 2250 929 2274 di
1071 2258 1098 2274 v.
1117 2251 1180 2281 402)
1199 2250 1235 2275 D.
1254 2257 1313 2275 non
1333 2258 1437 2283 sapeva
1455 2251 1500 2275 chi
1516 2251 1589 2276 fosse
1603 2251 1703 2282 questo
1717 2257 1755 2278 re,
1769 2250 1819 2275 che
1833 2250 1881 2275 do·
1910 2253 1945 2279 30

57 2301 76 2309 ν·
102 2292 164 2316 vita
181 2291 262 2316 Azzo
281 2292 350 2316 ebbe
359 2293 468 2324 ,questo
493 2291 584 2317 titolo
603 2293 653 2317 che
671 2291 686 2317 ὲ
705 2292 772 2317 dato
797 2292 929 2318 daIl'obi-
983 2292 1087 2316 vrebbe
1104 2299 1195 2317 essere
1209 2300 1266 2317 uno
1280 2293 1325 2318 dei
1340 2293 1394 2317 due
1407 2293 1495 2326 primi
1515 2293 1630 2318 Ottonii
1660 2293 1698 2317 Le
1717 2292 1838 2324 reliquie
1851 2292 1882 2316 di

8 2352 10 2355 v
83 2333 127 2358 rio
137 2333 168 2358 di
181 2333 304 2359 Modena
316 2334 351 2359 ed
363 2334 591 2367 espncitamente
604 2335 748 2360 affermato
762 2336 809 2360 nei
822 2335 929 2360 ricordi
982 2334 1075 2366 questi
1090 2335 1165 2359 santi
1185 2335 1375 2360 martirizzati
1395 2336 1427 2359 in
1444 2336 1542 2368 Egitto
1556 2342 1629 2360 sono
1642 2336 1785 2359 ricordate
1800 2334 1883 2365 (Acta

38 2380 45 2393 ’ν
60 2392 65 2395 >
81 2375 110 2401 ln
129 2374 273 2408 paternit&
291 2376 321 2401 di
341 2376 478 2406 Tedaldo,
497 2377 532 2402 ad
552 2384 590 2402 es.
609 2378 639 2402 in
665 2379 762 2410 questa
788 2380 866 2403 carta
885 2378 930 2403 del
984 2376 1151 2406 Sanctorum,
1172 2377 1252 2407 Maii,
1270 2377 1319 2408 111,
1343 2385 1375 2409 ¹4
1388 2379 1512 2410 maggIo,
1529 2376 1608 2406 1268)
1621 2384 1637 2401 a
1651 2377 1752 2406 Feltre,
1773 2376 1882 2406 Osimo,

78 2429 85 2437 ·
131 2419 233 2444 scrlttn
252 2426 268 2443 a
288 2418 415 2444 Canossn
442 2418 527 2452 “Ego
548 2420 578 2444 in
599 2419 642 2444 dei
669 2420 787 2445 nomine
805 2420 929 2445 Teudal-
981 2418 1117 2450 Otricoli,
1136 2427 1209 2450 ecc.3
1230 2426 1290 2445 non
1304 2421 1327 2444 si
1342 2418 1400 2453 pub
1414 2420 1509 2453 capite
1523 2420 1553 2444 di
1566 2421 1642 2444 dove
1662 2420 1771 2444 sossero
1784 2423 1877 2453 prese:

46 2460 112 2486 dus
136 2461 273 2492 marchio,
296 2461 374 2486 filius
398 2469 424 2494 q.
449 2461 599 2486 Adelberti
624 2463 748 2495 itemque
774 2463 927 2495 marchio„
983 2460 1113 2487 Canossa
1134 2469 1192 2486 non
1211 2460 1226 2487 “e
1245 2462 1401 2487 ricordata.
1910 2465 1942 2493 35

73 2508 187 2533 ont-101,
205 2503 246 2528 Le
265 2507 341 2529 carte
358 2504 504 2537 reggimu,
523 2505 580 2534 cit„
600 2512 626 2538 p.
648 2503 719 2539 257).
757 2505 931 2539 Apparente-
1072 2512 1100 2529 v.
1118 2512 1152 2536 4⁰
1153 2503 1185 2537 5)
1204 2505 1285 2534 Lata„
1304 2503 1367 2529 οἰοὲ
1393 2505 1465 2531 ebbe,
1480 2504 1503 2529 il
1523 2504 1664 2529 cosidetto
1683 2503 1838 2529 battesimo
1853 2503 1881 2528 di

54 2557 56 2563 ¹
81 2546 129 2570 nte
146 2545 182 2570 D.
199 2544 305 2579 ignoro
327 2547 426 2578 questo
452 2546 540 2571 titolo
559 2546 590 2571 dl
615 2547 705 2572 Azzo.
743 2545 836 2576 Quale
855 2548 931 2573 fosse
982 2554 1095 2579 ungue,
1117 2545 1226 2579 perche,
1245 2547 1391 2572 essendosi
1410 2549 1572 2571 convertito.
1592 2547 1754 2571 assistendo
1767 2546 1794 2570 al
1809 2553 1883 2570 mar-

43 2601 48 2624 ·—
62 2586 86 2612 1
103 2586 132 2611 la
157 2594 251 2612 marca
275 2594 292 2612 a
311 2587 352 2612 lui
378 2587 532 2613 attribulta
551 2586 566 2613 ὲ
592 2590 668 2613 stato
694 2589 869 2622 largnmente
888 2591 932 2615 di·
983 2589 1054 2613 tlrio
1073 2589 1102 2613 di
1123 2588 1246 2618 Vittore,
1267 2589 1296 2614 fu
1315 2589 1389 2614 satta
1409 2590 1555 2621 squartare
1582 2589 1741 2621 legandone
1760 2588 1786 2612 le
1805 2589 1883 2613 mani

86 2635 131 2654 sso
144 2629 191 2654 dal
205 2629 248 2654 De
260 2629 383 2660 Simoni,
397 2629 444 2655 dal
458 2630 579 2660 Pivano.
593 2630 640 2655 dal
654 2631 931 2665 Maiaguzzi-Valeri,
983 2639 998 2656 e
1012 2632 1020 2655 i
1035 2631 1113 2664 piedi
1126 2638 1143 2655 a
1156 2631 1209 2656 due
1223 2632 1316 2664 palme
1330 2633 1452 2665 piegate.
1490 2631 1695 2662 MoMmurrus,
1723 2631 1797 2655 Vitae
1812 2631 1880 2656 San-

69 2673 275 2697 recentemente
299 2671 346 2697 dal
371 2671 462 2697 Fabbi
486 2680 501 2696 e
528 2672 575 2697 dal
602 2672 759 2703 Grim21d1;
785 2674 814 2699 di
835 2675 931 2699 sicui-o
984 2677 1093 2702 ctorum,
1113 2673 1241 2704 Pulsus,
1266 2681 1343 2707 1910,
1363 2674 1395 2706 11,
1418 2673 1479 2705 641.
1910 2679 1945 2705 40

49 2714 57 2746 ᾗ
77 2713 184 2746 ¹plume)
203 2714 267 2739 solo
287 2714 336 2739 che
358 2714 438 2739 Azzo
462 2714 530 2740 ebbe
550 2715 559 2739 1
579 2715 712 2740 comitati
737 2715 768 2740 di
786 2715 897 2750 Reggio
915 2724 932 2742 e

66 2755 160 2781 dena
179 2756 275 2781 subito
294 2757 330 2781 da
349 2755 458 2781 Ottone
469 2755 484 2780 1
496 2764 519 2786 e,
532 2757 654 2787 almeno,
665 2757 712 2783 dai
725 2763 778 2791 977
791 2758 888 2790 quello
901 2759 930 2784 di

54 2794 55 2798 ’
107 2798 184 2823 tova.

55 2842 58 2851 ¹
126 2848 153 2865 v.
169 2847 222 2873 397
241 2849 254 2864 e
273 2838 365 2873 segg.)
384 2840 468 2865 Paria
487 2841 544 2872 qui,
565 2848 643 2865 come
657 2841 718 2866 dice
738 2841 759 2866 11
778 2842 867 2867 titolo
881 2841 931 2875 plu

56 2884 60 2897 ³
91 2882 247 2912 -ttnmeMe,
272 2882 409 2912 Canossa,
436 2883 610 2908 rievocando
635 2883 663 2908 la
688 2883 883 2916 predilezlone
902 2884 931 2909 di

11 2956 12 2959 Ἴ
45 2927 47 2929 “
83 2930 133 2949 zo:
153 2931 202 2957 per
219 2931 280 2949 essa
299 2923 364 2958 (per
382 2923 435 2957 me)
454 2933 500 2950 era
519 2925 606 2950 salito
620 2926 678 2951 alla
697 2928 830 2959 potenza.
854 2927 932 2952 Azzo

11 2975 13 2979 >
86 2965 119 2991 dl
143 2965 271 2991 Canossa
297 2967 324 2991 la
344 2975 392 2992 sua
417 2967 492 2998 base,
518 2975 552 2992 ne
578 2968 692 2993 Innalza
710 2969 737 2993 le
762 2976 850 2998 mura,
869 2977 884 2993 e
902 2970 931 2994 vi

56 3020 85 3034 ,··
101 3007 178 3042 oglie
203 3009 274 3033 armi
300 3009 442 3034 materiali
462 3017 477 3034 e
503 3009 648 3043 spirituali
668 3017 683 3035 e
707 3011 785 3035 tutto
811 3009 856 3035 cio
883 3011 933 3036 che

56 3047 60 3056 ²
77 3050 166 3075 -uxsta
185 3050 213 3075 di
234 3051 323 3079 bello;
345 3050 431 3076 infine
446 3052 476 3076 vi
497 3058 616 3085 prepara
637 3052 658 3076 il
679 3059 730 3076 suo
750 3052 890 3085 sepolcro.

1073 2724 1098 2740 v.
1117 2723 1168 2747 41⁰
1187 2725 1200 2740 e
1219 2716 1312 2748 segg.)
1337 2715 1492 2741 L’Odorici
1519 2715 1597 2748 (Cod.
1617 2716 1696 2746 Dipl.
1725 2715 1881 2744 Bresciano.

983 2758 1019 2789 11,
1038 2765 1063 2783 a.
1081 2763 1144 2790 971,
1163 2766 1190 2791 p.
1214 2759 1248 2790 98
1266 2765 1282 2784 e
1300 2758 1440 2784 Antichit&
1467 2758 1604 2784 Cristiane
1631 2758 1662 2782 di
1687 2758 1809 2787 Brescia,
1829 2758 1882 2782 Mi-

984 2801 1062 2832 lano,
1084 2799 1160 2831 1818,
1174 2800 1208 2830 11,
1231 2801 1272 2833 11)
1292 2802 1405 2826 ricorde
1426 2802 1476 2825 che
1495 2801 1526 2825 in
1546 2808 1584 2825 un
1603 2801 1701 2825 antico
1722 2801 1882 2825 lezionario

985 2842 1061 2867 della
1080 2842 1175 2867 chiesa
1188 2843 1336 2868 bresciane
1348 2842 1363 2868 ὲ
1377 2844 1456 2867 detto
1470 2843 1521 2867 che
1535 2843 1561 2867 le
1575 2843 1695 2874 reliquie
1708 2849 1795 2866 erano
1809 2844 1882 2867 state

985 2885 1083 2909 rubate
1109 2884 1145 2909 da
1164 2885 1242 2909 Azzo
1269 2885 1314 2910 nel
1334 2891 1383 2917 971
1412 2885 1569 2917 rompendo
1595 2884 1680 2909 l’arca
1700 2885 1749 2909 che
1769 2891 1816 2909 era
1836 2884 1882 2908 nel
1909 2890 1942 2916 45

985 2927 1093 2959 templo
1107 2927 1269 2952 suburbano
1284 2927 1313 2952 di
1326 2927 1353 2952 S.
1367 2927 1538 2960 Apollonio,
1558 2927 1634 2959 dopo
1647 2927 1698 2951 che
1717 2926 1881 2957 Gotifoedo,

986 2977 1054 2994 uvea
1073 2969 1200 2994 rifiutato
1220 2969 1247 2994 al
1267 2970 1352 3003 padre
1372 2970 1398 2994 le
1418 2970 1547 3002 reliquie.
1584 2969 1653 2995 Cosi
1673 2970 1735 2994 dice
1749 2976 1805 2994 una
1819 2976 1883 2993 nar-

984 3012 1098 3037 razione
1116 3011 1161 3037 del
1182 3019 1235 3037 sec.
1254 3011 1302 3037 XI.
1339 3012 1447 3037 Poteva
1467 3019 1558 3037 essere
1577 3012 1666 3037 anche
1684 3019 1721 3036 un
1743 3011 1822 3036 furto
1843 3013 1881 3036 si-

985 3052 1094 3078 mulato
1107 3055 1152 3078 tra
1165 3052 1251 3086 padre
1265 3060 1279 3078 e
1292 3053 1381 3086 figlio,
1395 3061 1444 3087 per
1457 3053 1580 3086 toguere
1592 3054 1620 3078 al
1634 3052 1763 3078 Vescovo
1777 3052 1880 3077 l'odio-
