2288 3476
15 203 17 227 l
48 199 55 225 ’,

15 231 17 253 l

44 253 59 314 ᾗ
70 271 71 274 ’
83 269 173 300 11³⁶,
192 267 232 296 A.
252 267 344 301 109⁷]

52 370 53 377 ,

49 392 55 406 1

44 1237 48 1242 “
102 1226 130 1258 l.
154 1241 196 1247 —
220 1225 308 1258 Cum
329 1225 365 1257 in
388 1224 511 1257 diebus
538 1223 704 1261 Robaldi,
735 1222 943 1255 Albanensis
974 1220 1141 1264 episcopi,
1174 1220 1318 1252 ferentis
1341 1219 1486 1251 infulam
1516 1219 1835 1261 archiepiscopatus

47 1320 50 1321 ⁷
73 1278 295 1317 diolanensis,
325 1277 448 1320 ingens
479 1277 578 1309 dolor
600 1277 745 1308 instaret
774 1274 1096 1308 Mediolanensibus
1121 1284 1186 1316 pro
1216 1273 1287 1305 suis
1317 1272 1481 1304 militibus
1511 1279 1545 1304 et
1567 1272 1702 1305 civibus
1725 1272 1836 1314 captis

38 1340 49 1360 *ι
85 1341 186 1364 mone
210 1337 313 1374 atque
336 1330 446 1372 Papie
460 1330 481 1368 ²,
504 1339 574 1362 non
597 1339 670 1361 sum
693 1329 861 1361 inmemor
891 1327 1038 1360 Armani
1060 1325 1104 1358 de
1129 1326 1291 1358 Gavardo
1304 1325 1327 1364 ¹,
1352 1325 1410 1368 qui
1432 1326 1495 1358 sub
1519 1324 1638 1367 specie
1661 1324 1837 1369 religionis

49 1384 180 1417 cutavit
203 1383 375 1426 quandam
397 1382 551 1415 radicem
574 1381 736 1414 novitatis
747 1380 771 1420 ³,
795 1391 863 1424 que
889 1380 1054 1423 paulatim
1078 1389 1148 1411 non
1172 1379 1280 1411 solum
1311 1378 1609 1411 Mediolanensem
1640 1378 1839 1417 ecclesiam,

99 1446 243 1480 regnum
265 1435 575 1479 Longobardorum
599 1445 663 1477 per
685 1443 805 1467 omnes
826 1444 907 1466 suos
921 1439 1027 1466 status
1050 1433 1125 1465 fere
1147 1431 1373 1474 perturbavit,
1397 1432 1511 1464 donec
1534 1430 1739 1473 Bernardus,
1756 1431 1840 1463 abas

38 1489 278 1527 revalensis,
303 1489 348 1522 ad
371 1488 600 1531 expelendum
625 1488 790 1520 demones
812 1493 847 1519 et
870 1487 915 1519 ad
937 1486 1128 1519 sanandum
1151 1491 1186 1517 et
1210 1485 1254 1517 ad
1277 1485 1479 1528 erigendum
1502 1484 1654 1516 infirmos
1678 1484 1842 1517 contritos

43 1543 205 1576 cundum
228 1542 358 1577 iussum
379 1541 556 1574 hominum
578 1540 816 1573 Mediolanum
839 1539 992 1572 intravit.

38 1683 40 1686 v
101 1642 133 1673 2.
158 1656 198 1664 -
222 1638 395 1672 Armanus
417 1639 508 1671 enim
530 1638 589 1671 ille
612 1637 811 1674 monachus.
835 1636 932 1679 quasi
945 1636 957 1653 ⁴
981 1635 1175 1669 Cardinalis
1198 1636 1376 1668 Romanus
1400 1642 1434 1668 et
1458 1646 1477 1668 a
1499 1641 1597 1677 parte
1619 1635 1843 1668 Brisiensium

19 1694 143 1737 g‘um
173 1699 277 1736 atque
307 1693 429 1725 favore
460 1692 650 1725 comitissae
679 1690 837 1723 Matildis
860 1689 896 1721 in
920 1689 1071 1722 ecclesia
1101 1689 1261 1721 Brisiensi
1284 1689 1416 1721 electus
1446 1688 1644 1731 episcopus,
1675 1689 1843 1721 defuncto

48 1746 167 1780 1ιιιὶἑο
190 1745 455 1788 archiepiscopo
479 1743 730 1778 Mediolanensi
743 1743 766 1782 ⁵,
789 1743 835 1776 ad
858 1743 962 1775 alium
985 1742 1182 1786 eligendum
1212 1742 1316 1775 venit.
1363 1742 1435 1781 Qui
1465 1741 1524 1774 ubi
1546 1742 1663 1781 sensit,
1694 1741 1844 1774 nobilem

37 1805 41 1838 Q
61 1815 66 1827 ·
90 1799 272 1833 titudinem
295 1798 610 1832 Mediolanensium
632 1796 818 1830 convenire
843 1797 888 1829 ad
911 1795 1108 1839 eligendum
1133 1795 1342 1828 Landulfum
1366 1795 1411 1827 de
1433 1793 1602 1838 Badagio,
1624 1796 1736 1828 sancti
1758 1795 1842 1827 Am—

43 1896 45 1899 v
66 1852 123 1886 mii
147 1853 316 1886 canonice
338 1851 561 1894 prepositum,
584 1851 622 1882 in
645 1849 957 1892 archiepiscopum,
981 1850 1161 1892 virumque
1184 1848 1337 1880 moribus
1360 1853 1394 1880 et
1415 1847 1488 1881 vita
1510 1859 1612 1891 quam
1635 1847 1723 1881 bene
1747 1859 1847 1880 orna-

45 1927 48 1929 -
66 1923 104 1945 ιι,
125 1905 275 1939 substitit
298 1910 334 1938 et
348 1904 513 1937 electioni
534 1903 586 1936 illi
609 1913 679 1936 non
702 1902 886 1935 consensit.
930 1902 1070 1935 Corona
1091 1902 1185 1934 unde
1200 1900 1321 1944 vulgi‚'
1337 1901 1448 1944 gratia
1470 1901 1628 1934 Romane
1645 1901 1793 1934 ecclesie
1809 1907 1845 1934 et

51 1959 54 1962 ’
68 1958 202 1992 'siensis
224 1968 266 1990 ac
290 1957 447 1990 Matildis
469 1956 643 1989 comitisse
665 1956 786 1989 favore
810 1961 945 1997 putans,
968 1954 1064 1987 illum
1086 1954 1164 1987 fore
1186 1954 1297 1986 virum
1326 1954 1516 1998 religionis,
1539 1964 1622 1986 mox
1644 1954 1704 1986 ubi
1729 1954 1844 1992 sensit,

45 2018 117 2045 ium
141 2011 329 2044 Amanum
351 2006 434 2043 huic
457 2009 621 2042 electioni
643 2009 773 2048 abesse,
796 2008 891 2051 cepit
914 2007 1078 2040 adversus
1101 2008 1211 2050 ipsam
1235 2007 1442 2039 electionem
1462 2007 1622 2046 insanire,
1645 2013 1680 2039 et
1702 2007 1849 2040 elericos

53 2065 273 2098 sacerdotes
295 2063 422 2108 pugnis
444 2068 478 2095 et
500 2062 649 2095 fustibus
672 2062 895 2094 vehementer
926 2061 1092 2099 lacerare,
1124 2060 1233 2092 virum
1266 2070 1402 2104 quoque
1427 2061 1503 2093 de..
1517 2083 1526 2092 .
1540 2084 1549 2093 .
1573 2060 1706 2093 civibus
1733 2060 1847 2104 Paga-

45 2119 47 2122 ’
71 2134 88 2146 n
119 2117 259 2151 nomine
283 2122 319 2149 et
341 2117 377 2149 in
399 2121 502 2159 porta
524 2115 730 2148 Horientali.
744 2138 753 2147 .
767 2138 776 2147 .
789 2138 799 2147 .
821 2115 857 2147 in
880 2115 957 2156 ipsa
986 2114 1147 2152 ecclesia,
1173 2124 1240 2155 que
1264 2113 1392 2146 dicitur
1421 2112 1611 2152 Yemalis⁶‚
1639 2114 1847 2156 presumpsit

115 2242 137 2260 1.
156 2234 177 2259 1.
194 2233 339 2259 Anselmus
356 2233 388 2261 de
404 2232 475 2258 Buis
492 2232 524 2257 in
542 2231 770 2264 archiepiscopum
787 2230 1016 2256 Mediolanensem
1034 2229 1141 2262 eligitur
1157 2236 1229 2255 anno
1247 2229 1347 2254 Christi
1365 2235 1434 2262 1094

29 2351 31 2355 ¹
115 2330 138 2348 1.
157 2322 185 2347 11
201 2322 255 2348 cod.
272 2322 303 2346 H
320 2328 400 2347 avsva
417 2321 560 2350 Albensis,
577 2327 623 2346 ma
646 2320 827 2345 l'amanucnss
845 2319 880 2344 ha
898 2320 1003 2344 correcto
1021 2318 1052 2344 in
1075 2319 1257 2344 Albanensis.
1296 2312 1322 2342 Ε
1345 2318 1381 2343 da
1402 2317 1538 2350 preterini
1562 2317 1698 2344 som'anro
1717 2318 1744 2344 la
1760 2318 1850 2351 prima

34 2353 47 2395 V,
78 2378 83 2385 ι
113 2383 131 2396 ‚
149 2363 240 2398 perch&
257 2363 375 2390 Robaldo
393 2363 425 2395 lu
442 2370 545 2388 vescovo
563 2362 592 2387 ai
609 2361 680 2388 Alba
699 2361 743 2387 nel
760 2361 934 2392 Montanum,
953 2359 1006 2386 cio&
1025 2361 1099 2386 Alba
1117 2361 1251 2394 Pompeja
1269 2358 1377 2393 (diocesi
1395 2359 1479 2386 allora
1497 2360 1666 2392 suffraganea
1677 2361 1706 2385 di
1723 2360 1810 2393 quella
1822 2361 1851 2386 di

37 2437 50 2443 ὁ
60 2405 154 2439 flauo),
171 2413 226 2432 non
243 2405 288 2438 gia
305 2405 334 2431 ai
350 2404 464 2430 Albano.
500 2404 538 2430 Di
555 2406 646 2437 questa
662 2403 839 2430 asservatione
857 2403 881 2428 si
893 2404 971 2435 leuga
987 2404 1061 2428 conto
1079 2402 1159 2428 anche
1172 2401 1242 2434 negti
1260 2401 1321 2427 altri
1338 2402 1414 2435 passi
1431 2401 1501 2427 della
1517 2409 1629 2427 cronaca
1641 2410 1684 2427 ova
1697 2402 1722 2428 si
1734 2402 1812 2435 parta
1823 2402 1853 2428 di

30 2454 32 2457 ’
47 2461 59 2469 =1
70 2448 149 2474 aldo.
167 2462 201 2468 --
219 2448 245 2474 8.
263 2446 463 2480 Brisienslum]
482 2446 504 2472 il
520 2447 573 2472 cod.
592 2447 617 2471 R
643 2446 750 2479 (segulto
774 2446 819 2471 dal
842 2445 934 2478 SAss1)
960 2445 995 2470 ha
1018 2445 1046 2470 la
1069 2445 1154 2476 torma
1170 2446 1277 2470 corruta
1294 2445 1495 2475 Brixiensium,
1512 2445 1559 2477 qui
1577 2453 1590 2470 e
1608 2447 1669 2470 tutte
1687 2445 1710 2470 le
1727 2445 1791 2470 volte
1808 2445 1853 2470 che

31 2494 33 2496 ·
57 2503 74 2511 ν·
111 2508 115 2511 ‚
136 2489 179 2516 nel
195 2490 293 2523 seguito
311 2489 332 2515 il
349 2489 489 2515 sos-tantive
507 2496 520 2514 e
537 2488 681 2521 ruggeuivo
698 2488 811 2513 derivato
829 2487 864 2513 da
881 2488 980 2512 Brixia
998 2500 1031 2505 -—
1053 2486 1093 2512 16.
1118 2486 1170 2519 Qui
1193 2493 1207 2511 ο
1225 2486 1256 2511 in
1279 2486 1377 2518 seguito
1401 2486 1425 2511 si
1448 2489 1569 2519 pongono
1593 2487 1636 2512 dei
1659 2486 1795 2519 puntolim'
1818 2486 1854 2511 ad

33 2527 36 2531 “
79 2533 86 2539 ’
105 2545 119 2553 »w
160 2532 205 2558 ohe
223 2532 267 2558 nei
286 2531 358 2558 codd.
377 2531 415 2558 0¹3
433 2539 472 2557 un
489 2531 562 2556 breve
579 2530 670 2563 spatio
689 2530 796 2556 lasciaso
814 2529 846 2556 in
862 2529 956 2555 biam

112 2620 120 2637 ¹
139 2622 176 2646 Di
196 2623 287 2654 questi
307 2621 373 2646 fatti
387 2618 499 2653 parler&
513 2621 542 2644 in
557 2621 669 2652 seguito
683 2618 730 2650 (cf.
744 2627 791 2644 nn.
805 2617 908 2651 62-63).

36 2665 84 2689 ¹³121
102 2664 133 2689 vl
150 2670 275 2689 accenna
293 2670 310 2688 a
329 2659 384 2687 rno’
397 2662 426 2687 dl
441 2661 567 2692 esordio,
581 2661 784 2694 paragonando
798 2662 806 2685 i
821 2662 910 2693 tempi

35 2717 55 2740 ῃ·
78 2706 184 2731 rascosl
204 2707 235 2730 ln
248 2706 293 2730 cul
307 2712 386 2738 prese
400 2712 415 2730 a
429 2705 550 2729 scrivere
564 2710 617 2728 con
631 2703 719 2735 quelli
734 2703 764 2728 di
776 2702 913 2728 Anselmo

46 2749 57 2774 1
74 2747 203 2773 Bovislo.

35 2792 38 2819 ἶ
114 2787 126 2806 ¹
145 2789 288 2820 Gavardo,
301 2790 390 2822 borgo
403 2789 447 2813 tra
460 2789 572 2813 Brescia
585 2795 599 2812 e
610 2786 687 2812 Salo.
716 2786 740 2811 11
754 2786 830 2812 Sassi
843 2787 914 2811 lesse

26 2851 28 2853 .
46 2831 101 2858 ale
118 2831 256 2858 Ganarao.

29 2866 41 2874 ’
113 2872 125 2891 ³
144 2874 189 2899 Cf.
209 2882 237 2899 n.
256 2873 288 2898 61
309 2873 398 2898 infra.

44 2946 45 2949 Ἴ
115 2915 127 2933 ⁴
143 2916 185 2942 La
202 2917 302 2950 parola
319 2915 397 2948 quasi
423 2915 469 2940 nel
496 2915 596 2939 nostro
622 2915 719 2939 autore
743 2913 873 2945 equivale
899 2921 914 2938 a

48 2962 52 2968 ¹
98 2970 131 2987 >⁷
151 2957 276 2986 videlicet,
297 2956 486 2990 significando
505 2963 583 2984 corne,-
603 2955 635 2981 in
651 2954 754 2988 qualit&
773 2954 809 2980 ai.

117 2999 128 3016 ⁵
147 2999 273 3024 Arnolfo
292 2999 333 3024 111
351 2999 381 3024 di
400 2999 486 3024 Porta
506 2998 648 3031 Argentea
667 2998 703 3023 od
724 2996 872 3022 Orientale
885 2996 916 3021 su

57 3044 118 3069 etto
136 3044 317 3068 arclvescovo
337 3043 366 3067 dl
385 3041 497 3068 Milano
516 3041 539 3066 ll
557 3040 574 3066 6
593 3042 732 3066 dicembre
748 3047 828 3074 1093;
843 3037 915 3064 mori

965 2618 986 2643 il
1006 2624 1040 2650 ²4
1058 2617 1206 2642 settembre
1228 2623 1293 2650 1097
1313 2625 1327 2642 e
1347 2617 1376 2642 fu
1395 2617 1506 2650 sepolto
1525 2618 1571 2642 nel
1585 2619 1747 2643 monastero
1761 2617 1790 2642 di
1804 2616 1852 2642 Ci-

966 2662 1030 2685 vate
1055 2660 1102 2692 (ef.
1121 2660 1220 2692 Snvxo,
1245 2667 1271 2693 p.
1296 2659 1369 2693 449).
1405 2661 1542 2692 Armano,
1563 2668 1685 2685 vescovo
1710 2661 1797 2685 eletto
1823 2661 1854 2686 dl

966 2703 1087 2732 Brescla,
1106 2709 1198 2727 venne
1216 2710 1232 2727 a
1251 2702 1362 2727 Milano
1381 2710 1430 2735 per
1455 2702 1600 2734 l’eleziQne
1626 2703 1670 2728 del
1696 2710 1854 2728 successore

966 2752 980 2769 e
1000 2753 1077 2769 come
1097 2751 1219 2769 vescovo
1238 2744 1413 2778 suffraganeo
1432 2753 1446 2769 e
1465 2752 1544 2770 come
1562 2745 1656 2777 legato
1676 2745 1838 2778 pontificio.

1055 2785 1066 2802 ⁶
1085 2787 1126 2811 La
1146 2786 1300 2811 cattedrale
1318 2788 1346 2812 di
1366 2787 1477 2812 Mllano
1497 2788 1672 2812 chiamavasi
1690 2787 1778 2812 Santa
1796 2788 1854 2812 Ma-

968 2830 1011 2854 rla
1024 2829 1130 2861 Jemale
1148 2829 1182 2853 ed
1201 2837 1247 2853 era
1266 2829 1322 2854 sita
1340 2836 1394 2854 ove
1412 2829 1480 2862 oggi
1499 2827 1512 2853 ὲ
1538 2829 1560 2853 11
1586 2829 1709 2854 Duomo.
1747 2830 1783 2854 Vi
1809 2836 1856 2854 era

967 2872 1018 2904 pol
1042 2873 1140 2896 vlcina
1164 2870 1208 2904 (ln
1237 2871 1474 2904 corrispondenza
1502 2871 1660 2897 all’attuale
1685 2873 1786 2904 plazza
1810 2872 1856 2896 del

967 2913 1093 2946 Duomo)
1112 2921 1169 2938 una
1186 2913 1280 2938 chiesa
1299 2911 1349 2946 plu
1368 2915 1464 2946 ampia
1483 2914 1530 2938 dal
1550 2914 1639 2939 titolo
1659 2913 1689 2938 dl
1707 2913 1793 2938 Santa
1806 2913 1855 2938 Pe-

969 2955 1046 2988 lagia
1065 2963 1080 2980 e
1098 2955 1186 2980 Santa
1205 2955 1306 2980 Tecla:
1328 2957 1356 2979 in
1376 2957 1473 2987 questa
1494 2955 1515 2979 il
1529 2955 1664 2988 Capitolo
1678 2955 1855 2980 trassel-insi

968 3005 1018 3031 per
1035 2998 1059 3022 le
1078 2997 1233 3022 ufficiature
1253 2998 1328 3022 dalla
1347 2997 1457 3030 Pasqua
1477 2998 1533 3022 alla
1554 2998 1624 3022 festa
1649 2997 1726 3023 della
1750 2997 1856 3022 Consa-

969 3041 1102 3065 crazlone
1120 3039 1196 3064 della
1215 3039 1318 3064 Chiesa
1335 3038 1387 3073 (111
1405 3040 1552 3065 domenica
1571 3040 1601 3065 di
1619 3039 1752 3072 ottobre).

1881 2664 1915 2683 20

1883 2877 1916 2903 25

1951 148 1982 186 κ»)

1906 1225 1984 1251 Mun..
1998 1225 2037 1250 469

1919 1284 1939 1302 8.
1955 1284 2005 1304 73Υ

1909 1906 1985 1930 Mun..
1992 1897 2039 1932 ‘⁴70
