2288 3476
28 40 35 59 ³

31 75 37 106 l

29 139 39 174 f
45 162 47 167 .

788 203 1126 240 PREFAZIONE
1802 203 1874 239 Lv

122 330 286 378 Riporto
314 330 508 378 l‘episodio
538 331 607 366 che
635 331 665 366 si
694 330 858 366 riferisce
887 329 1093 378 all'origine
1121 330 1158 365 di
1177 329 1362 374 Beatrice,
1383 329 1452 364 che
1471 330 1491 364 ὲ
1512 328 1781 364 caratteristico
1810 340 1876 375 per

26 414 61 452 ..³³
96 397 332 433 mescolanza
360 398 397 432 di
425 397 599 433 elementi
627 398 755 432 storici
784 409 804 432 e
832 397 1062 445 leggendari.

123 463 290 500 Beatrice
318 463 487 509 Matilde,
516 463 618 511 figlia
646 462 683 498 di
711 464 849 499 Enrico
878 461 955 513 (111)
977 463 1126 513 (ancora
1147 463 1295 509 Cesare,
1324 462 1458 510 perche
1482 462 1571 498 vivo
1589 462 1614 497 il
1643 460 1755 509 padre
1785 460 1873 497 Cor-

41 529 129 566 do
155 530 343 577 Augusto)
373 542 393 566 e
421 530 458 566 di
488 541 557 566 una
584 530 838 577 immaginaria
866 532 984 577 prima
1011 531 1148 577 moglie
1178 531 1340 577 Agnese,
1370 529 1471 576 dopo
1509 540 1627 564 essere
1654 532 1747 565 stata
1774 533 1874 564 sotto

59 597 224 643 saggia
250 597 363 644 guida
390 596 486 633 della
522 596 684 633 seconda
715 596 852 644 moglie
890 594 1075 633 Gunilde¹
1106 596 1220 645 (figlia
1249 595 1285 631 di
1305 596 1478 632 Cinitone
1506 607 1545 631 re
1573 594 1826 642 d'Inghilterra
1854 606 1874 630 e

30 662 215 701 ··udiata
244 675 310 710 per
338 663 424 700 false
453 676 596 709 accuse,
625 662 853 700 inutilmente
873 664 1041 699 smentite
1071 662 1117 699 da
1145 676 1192 698 un
1220 662 1392 698 Giudizio
1421 662 1456 697 di
1486 660 1594 711 Dio),
1614 666 1748 698 venuta
1774 667 1875 697 sotto

29 718 55 767 1ζι-ῚῚ
98 729 260 766 seconda
287 731 480 777 matrigna,
509 731 659 777 Agnese
687 729 724 765 di
753 731 921 776 Poitiers,

24 832 42 904 k}
192 830 385 864 .B0nifacii
410 831 585 863 cuiusdam
616 840 745 873 genere
776 830 925 863 lucensis
956 840 1072 862 amore
1102 836 1219 862 mutuo
1251 830 1395 872 capitur.
1441 829 1525 862 Erat
1555 829 1645 861 enim
1676 827 1879 862 Bonifaeius

24 887 46 930 K
77 877 195 917 esaris
218 883 364 917 Henriei
381 884 625 923 cubicularius,
641 884 768 917 decore
785 884 940 926 corporis
955 884 1126 927 egregius,
1144 883 1264 915 officiis
1287 882 1470 916 curialibus
1493 883 1698 925 aptissimus,
1722 889 1777 915 etc
1779 906 1877 916 .....

26 941 226 983 ffluumque
250 937 468 980 oppulentior
491 943 592 977 esset,
615 937 718 970 donis
733 937 982 970 liberalissimis
1005 937 1153 969 animum
1169 936 1235 969 sibi
1257 937 1451 969 Caesareae
1474 936 1618 979 virginis
1641 936 1688 968 ita
1710 935 1877 974 devinxit,

28 973 77 1029 {ft
98 991 192 1023 ferre
214 990 348 1023 iuvenis
371 990 559 1023 absentiam
576 990 673 1034 virgo
697 1001 799 1033 quam
815 990 987 1034 egerrime
1004 996 1131 1032 posset.
1177 990 1223 1023 Et
1245 989 1339 1022 illam
1363 989 1501 1032 quidem
1525 990 1636 1032 primo
1658 987 1878 1022 Bonifacium

28 1038 55 1085 ‚¹5³2
87 1042 166 1076 dice
189 1043 372 1087 diligebat·
397 1044 461 1076 sed
482 1043 589 1076 facile
612 1050 665 1076 est
688 1044 865 1086 corrumpi
887 1043 1181 1076 necessitudinem
1204 1043 1396 1086 longiorem
1418 1043 1510 1076 inter
1531 1042 1782 1080 adolescentes,
1798 1051 1878 1084 pre—

27 1100 64 1146 ι3κ
72 1106 142 1141 pue
163 1097 255 1130 inter
277 1106 406 1129 marem
422 1102 457 1129 et
471 1096 650 1129 feminam.
697 1097 787 1129 Nam
803 1096 863 1129 ubi
875 1096 1018 1129 licentia
1035 1096 1115 1129 data
1132 1101 1183 1129 est
1206 1095 1342 1134 osculis,
1358 1101 1396 1128 ut
1411 1102 1567 1128 sanctum
1584 1105 1734 1128 amorem
1746 1095 1880 1137 pollue-

85 1155 124 1189 t,
139 1149 270 1182 nullum
286 1149 434 1192 amplius
450 1150 587 1182 frenum
603 1149 798 1192 voluptates
815 1150 898 1182 alias
913 1149 1021 1182 valuit
1037 1149 1225 1182 continere.
1249 1149 1390 1181 Veritus
1406 1154 1521 1181 autem
1538 1149 1631 1191 quod
1647 1148 1759 1181 nullus
1774 1159 1879 1181 sanae

28 1211 32 1227 1·
59 1203 163 1237 entis
192 1213 262 1236 non
284 1209 472 1240 vereretur,
495 1212 539 1235 ne
569 1203 616 1236 ad
637 1202 875 1245 impudicitiae
898 1203 1044 1242 fructus,
1069 1203 1137 1235 hoc
1168 1208 1219 1234 est
1242 1201 1465 1246 gravedinem
1489 1202 1557 1234 alvi
1581 1202 1764 1243 veniretur,
1795 1202 1878 1235 inito

32 1250 182 1345 &milio
199 1266 276 1289 cum
292 1262 428 1289 amante
445 1261 481 1289 et
496 1266 565 1288 non
581 1256 719 1289 modico
734 1256 896 1288 thesauro
919 1256 1038 1299 fugam
1062 1256 1192 1298 arripit,
1209 1262 1244 1288 et
1259 1255 1394 1287 Italiam
1411 1255 1508 1297 petit.
1554 1254 1688 1288 Anxius
1710 1255 1880 1288 Henricus

79 1321 133 1343 am
157 1315 273 1343 tamen
302 1309 533 1353 ignominians
559 1315 679 1353 tegens
701 1309 768 1342 hoc
799 1309 910 1348 titulo,
934 1310 1028 1352 quod
1059 1308 1159 1342 ducis
1183 1308 1361 1341 cuiusdam
1383 1308 1449 1341 sibi
1480 1308 1608 1341 assidui
1640 1309 1880 1341 commensalis

29 1375 53 1399 ι
50 1363 175 1397 omine
198 1362 376 1395 Frederici
391 1362 496 1395 filiam
513 1362 664 1395 abducta
686 1363 826 1395 suisset:
844 1368 878 1395 et
894 1363 1102 1395 Fredericus
1126 1363 1267 1405 quidem
1283 1363 1354 1395 dux
1369 1361 1404 1394 id
1420 1361 1656 1404 queribundus
1678 1361 1879 1394 insaniebat.

53 1419 168 1450 erum
202 1415 461 1460 intelligebatur
494 1415 654 1449 Caesaris
688 1416 791 1448 filiam
823 1425 914 1448 esse:
947 1416 993 1447 ad
1023 1415 1200 1448 universos
1233 1415 1411 1476 principes
1442 1421 1476 1447 et
1506 1414 1686 1447 civitatum
1718 1425 1880 1457 proceres

32 1475 38 1488 ”
53 1470 162 1504 ribit
184 1470 359 1512 epistolas,
382 1475 420 1502 ut
443 1469 628 1502 observent
650 1468 762 1501 sicubi
784 1469 976 1502 fornicator
1000 1479 1078 1501 cum
1102 1469 1218 1511 puella
1233 1468 1321 1512 regii
1345 1468 1480 1501 comitis
1502 1468 1572 1500 filia
1595 1474 1757 1501 transeat.

32 1524 57 1570 ik
123 1521 296 1556 Redierat
318 1528 390 1555 tum
414 1522 616 1555 Bonifacius
639 1522 681 1564 [il
700 1522 885 1564 marchese]
910 1532 929 1555 e
954 1522 1153 1560 Germania,
1177 1532 1245 1565 quo
1261 1521 1454 1565 Augustum
1477 1521 1678 1554 Conradum
1701 1527 1780 1564 post
1794 1522 1882 1554 Bur-

86 1576 248 1610 ndiacum
271 1575 401 1608 bellum
425 1576 540 1608 fuerat
563 1575 754 1608 comitatus.
799 1575 909 1618 Igitur
925 1575 970 1608 ad
993 1575 1154 1608 Caesaris
1175 1575 1358 1618 imperium
1374 1574 1554 1618 diligentia
1571 1579 1605 1606 et
1620 1574 1733 1607 studio
1750 1580 1879 1617 quanto

30 1451 150 1679 &tuit
166 1629 302 1663 curavit
317 1639 436 1662 omnes
453 1639 472 1661 e
489 1628 676 1661 Germania
692 1628 736 1661 ad
752 1628 886 1661 Italiam
903 1629 1065 1661 transitus
1080 1627 1268 1661 observari.
1295 1627 1365 1661 Sed
1387 1633 1619 1671 prevenerant
1633 1627 1701 1659 iam
1724 1632 1880 1660 amantes

34 1676 78 1717 ᾖ
104 1693 169 1726 per
197 1682 437 1715 veronensem
469 1692 588 1725 agrum
619 1682 654 1713 in
685 1681 913 1714 Mantuanum
944 1682 1153 1714 transierant
1184 1688 1218 1714 at
1248 1692 1284 1714 se
1315 1681 1513 1714 nemoribus
1544 1680 1762 1714 occulebant.
1809 1681 1881 1714 Sed

37 1744 50 1776 ᾗ
88 1736 262 1769 ·eritatem
284 1735 479 1779 ingenuitas
502 1735 562 1767 diu
577 1735 671 1767 ferre
694 1735 825 1779 nequit.
871 1734 962 1767 Nam
986 1734 1127 1768 Beatrix
1141 1745 1224 1767 ausa
1239 1746 1276 1767 se
1292 1734 1488 1777 aspectibus
1510 1734 1687 1766 hominurn
1712 1733 1880 1773 obiicere,

30 1775 83 1871 ξ·
96 1806 113 1818 ιι
143 1789 236 1828 vico,
259 1789 317 1831 qui
341 1788 480 1832 Narago
504 1788 633 1822 dicitur
662 1788 716 1821 vel
738 1788 884 1832 Marego
901 1794 938 1821 ut
953 1788 1059 1831 aliqui
1083 1788 1212 1825 volunt,
1228 1787 1384 1821 habitare
1407 1793 1442 1820 et
1464 1788 1580 1830 palam
1604 1798 1673 1820 non
1696 1788 1816 1820 metuit
1838 1798 1881 1820 ac

101 1841 259 1876 ssfacium
283 1841 443 1874 maritum
466 1852 540 1874 esse
562 1842 735 1874 mentitur.
781 1842 903 1885 Itaque
934 1847 1103 1874 vetustate
1126 1852 1187 1874 sua
1216 1841 1314 1885 regia
1337 1847 1372 1873 et
1394 1841 1513 1884 lingua
1543 1851 1610 1883 que
1635 1841 1879 1874 Germanicum

25 1859 106 1936 ὲ
89 1895 127 1930 'd
149 1895 305 1933 sonabat,
337 1893 530 1938 ceterisque
559 1895 699 1928 indiciis
730 1905 818 1938 quae
850 1895 894 1927 de
918 1895 993 1937 ipsa
1016 1894 1082 1926 iam
1105 1905 1169 1937 per
1197 1905 1259 1927 ora
1288 1894 1416 1937 passim
1439 1894 1614 1926 hominum
1646 1893 1882 1926 efferebantur

31 1926 96 1985 ἒξ·
139 1957 159 1981 e
182 1947 478 1987 convenientibus,
500 1947 682 1981 homines·
672 1959 708 1981 ln
725 1948 941 1990 suspiciones
963 1948 1118 1986 adduxit,
1142 1947 1284 1980 Henrici
1299 1947 1369 1979 filia
1385 1953 1474 1979 esset
1496 1952 1591 1980 tanto
1607 1947 1721 1980 studio
1738 1947 1880 1989 quesita.

25 2024 66 2057 ι.
69 2011 147 2035 ama
168 2002 272 2035 velox
294 2001 468 2034 Bonifacii
490 2001 641 2044 pulsavit
665 2012 773 2039 aures,
797 2002 868 2045 qui,
890 2001 1001 2034 missis
1022 2001 1169 2040 nunciis,
1194 2000 1484 2033 adolescentulam
1509 2011 1551 2031 an
1577 2000 1651 2042 ipsa
1675 2005 1765 2032 esset
1786 2010 1882 2032 scru-

26 2058 205 2105 *frentula
252 2055 360 2087 Erant
381 2054 536 2087 nonnulli
553 2055 718 2088 Germani
742 2065 820 2088 cum
837 2055 1021 2087 Bonifacio
1037 2054 1173 2092 milites,
1190 2054 1250 2097 qui
1267 2053 1459 2087 Beatricem
1473 2054 1642 2097 virginem
1657 2063 1883 2095 sepenumero

97 2108 177 2141 aula
199 2108 372 2141 Caesarea
395 2108 570 2141 viderant:
594 2108 655 2141 ubi
677 2119 760 2141 vero
783 2114 989 2141 scrutatores
1020 2108 1108 2140 vidit
1140 2114 1172 2140 et
1203 2118 1270 2151 que
1294 2108 1338 2139 de
1362 2106 1522 2140 Beatrice
1546 2106 1650 2150 vulgo
1673 2107 1882 2148 ferebantur,

52 2161 241 2195 οιιιιιιειιιε
264 2161 299 2203 [l’
300 2162 446 2204 amante]
469 2162 610 2200 audivit,
633 2162 725 2195 trahi
750 2161 794 2194 ad
824 2172 949 2204 penam
971 2167 1139 2200 metuens,
1162 2161 1286 2193 relicta
1316 2160 1584 2198 adolescentula,
1615 2160 1704 2192 clam
1735 2160 1882 2203 aufugit.

39 2210 189 2260 Cognita
219 2225 303 2276 ergo
333 2215 371 2247 in
401 2216 495 2248 hunc
526 2216 667 2248 modum
700 2221 751 2248 est
782 2215 922 2248 Beatrix
951 2214 1119 2253 Matildis‚
1151 2215 1208 2246 cui
1239 2220 1359 2256 utpote
1390 2214 1594 2247 meticulose
1627 2214 1790 2246 tenerrin
1794 2224 1883 2257 eque

3 2267 6 2268 ⁷
38 2264 183 2326 ,ξωίιιθ,
205 2274 241 2302 et
262 2268 330 2300 iam
352 2278 435 2301 suae
458 2269 730 2312 peregrinationi
754 2269 894 2302 nimium
917 2274 1055 2310 pertese
1079 2269 1194 2300 multis
1217 2267 1331 2300 verbis
1354 2277 1441 2309 opus
1462 2277 1531 2299 non
1555 2267 1631 2305 fuit,
1654 2273 1691 2299 ut
1714 2277 1750 2299 se
1773 2267 1883 2309 ipsam

48 2308 217 2355 oderet.
262 2322 352 2354 Dum
377 2331 460 2365 ergo
483 2322 528 2354 ad
550 2322 766 2354 Marchionis
789 2322 965 2355 Bonifaeii
989 2321 1154 2354 noticiam
1178 2332 1234 2354 res
1263 2321 1411 2360 ducitur,
1434 2321 1509 2363 ipsa
1540 2320 1778 2353 honestissimo
1803 2320 1878 2353 loco

41 2384 64 2416 1
84 2375 248 2408 militibus
277 2375 452 2419 germanis
483 2381 518 2407 et
546 2375 707 2418 profecto
738 2376 783 2408 ad
812 2375 849 2408 id
879 2375 982 2407 misso
1013 2381 1179 2407 servatur.
1227 2374 1308 2407 Non
1339 2380 1390 2406 est
1420 2380 1571 2406 moratus
1601 2374 1813 2412 Bonifacius,
1845 2379 1880 2406 et

27 2427 194 2467 ᾗαὶιῙιιιειιι
217 2428 437 2461 occasionem
461 2434 532 2461 tam
555 2428 681 2461 nobilis
704 2428 861 2473 coniugis
883 2428 1044 2461 habende
1067 2428 1161 2461 haud
1191 2427 1384 2471 negligens,
1408 2433 1537 2470 quanto
1566 2427 1679 2469 potuit
1703 2433 1882 2469 apparatu,

3 2484 7 2523 j
41 2479 296 2526 §mcerumque
320 2480 484 2513 comitatu
507 2480 553 2513 ad
575 2480 817 2522 accipiendam
842 2480 1025 2513 cesaream
1050 2479 1156 2511 filiam
1179 2479 1388 2522 properavit.
1433 2479 1604 2512 Memorie
1628 2479 1803 2521 proditum
1834 2485 1886 2511 est

0 2575 3 2579 ἢ
40 2543 182 2579 ,morum
208 2533 361 2565 omnium
393 2532 529 2566 iussisse
552 2533 774 2566 Bonifacium
805 2533 902 2576 equis
926 2533 1049 2576 subfigi
1080 2538 1260 2576 argenteas
1290 2532 1401 2564 soleas
1431 2538 1467 2564 et
1496 2542 1565 2564 non
1596 2532 1648 2564 sic
1679 2532 1773 2570 fixas,
1800 2532 1883 2575 quin

1 2611 2 2614 .
91 2586 260 2624 ciderent,
277 2592 312 2619 et
334 2586 463 2628 passim
485 2586 724 2619 invenirentur
746 2591 781 2619 et
804 2586 1006 2619 tollerentur
1030 2597 1050 2617 a
1072 2585 1339 2619 transeuntibus.
1385 2585 1427 2618 Id
1449 2586 1498 2626 (ut
1522 2586 1656 2627 opinor)
1680 2597 1701 2617 a
1722 2585 1885 2627 prudenti

47 2632 50 2634 ¹
141 2639 273 2672 factum
298 2644 350 2671 est
373 2639 418 2671 ad
441 2639 680 2672 ostentandam
705 2639 778 2672 eius
800 2639 1104 2683 magnificentiam,
1128 2639 1395 2682 diluendamque
1418 2638 1653 2682 suspitionem,
1675 2638 1703 2670 si
1719 2649 1795 2670 eam
1810 2638 1884 2681 qui-

2 2730 4 2734 3
39 2684 56 2693 ”
85 2691 152 2724 iam
176 2692 388 2735 conciperet,
401 2693 494 2736 quod
509 2692 555 2725 ob
570 2693 751 2726 avaritiam
775 2691 907 2725 dotium
930 2691 1123 2725 Caesareae
1146 2693 1291 2735 virginis
1314 2692 1364 2724 sic
1387 2691 1537 2724 abducte
1554 2692 1682 2734 nuptiis
1704 2691 1883 2734 aspiraret.

40 2739 47 2746 '⁷
64 2745 192 2788 ,uptias
214 2756 297 2778 vero
319 2751 389 2778 tam
413 2745 571 2778 celebres
593 2746 675 2789 egit,
697 2752 735 2778 ut
757 2747 803 2779 ad
826 2755 884 2778 eas
906 2746 1058 2778 omnium
1081 2745 1181 2778 Italie
1205 2745 1340 2778 urbium
1363 2755 1528 2787 proceres
1551 2745 1778 2778 adventarint.
1827 2745 1885 2778 Nil

0 2841 2 2843 ‚
44 2787 69 3018 Ξ
66 2796 202 2832 bmissit
225 2799 320 2842 quod
343 2809 417 2831 rem
440 2798 650 2831 honestaret.
697 2799 877 2832 Trimestri
908 2798 1092 2832 celebritas
1123 2804 1233 2831 tracta
1256 2804 1316 2837 est,
1340 2804 1377 2830 ut
1407 2798 1551 2840 spatium
1577 2798 1670 2830 foret
1699 2798 1884 2841 unicuique

138 2948 146 2965 ¹
163 2949 465 2980 Questaeveramente
475 2951 504 2976 la
514 2952 606 2984 prima
618 2951 724 2984 moglie
735 2950 765 2976 dl
779 2951 883 2975 Enrico
893 2950 942 2980 111,
997 2952 1090 2976 morta
1108 2951 1138 2976 in
1158 2950 1283 2984 giovane
1300 2949 1354 2981 eth,
1380 2951 1425 2975 nel
1455 2949 1530 2983 1038,
1557 2950 1703 2976 laselando
1727 2957 1785 2975 una
1808 2951 1884 2975 bam-

61 2992 177 3018 runilde
196 2993 274 3027 figlia
293 2994 322 3019 dl
337 2992 453 3019 canuto
467 3001 496 3019 re
510 2993 538 3018 di
553 2993 726 3018 Danimarca
739 3001 753 3018 e
765 2993 938 3026 Inghllterra
991 2993 1067 3018 bina.

40 3058 73 3111 ῗ.

40 3109 72 3131 *A

5 3131 76 3161 ,ζι-

0 3164 4 3177 ι
40 3159 66 3193 ὲ,

41 3201 48 3220 Ρ
