<?xml version="1.0" encoding="UTF-8"?>
<!DOCTYPE html PUBLIC "-//W3C//DTD XHTML 1.0 Transitional//EN"
    "http://www.w3.org/TR/xhtml1/DTD/xhtml1-transitional.dtd">
<html xmlns="http://www.w3.org/1999/xhtml" xml:lang="en" lang="en">
 <head>
  <title>
</title>
<meta http-equiv="Content-Type" content="text/html;charset=utf-8" />
  <meta name='ocr-system' content='tesseract 3.04.00' />
  <meta name='ocr-capabilities' content='ocr_page ocr_carea ocr_par ocr_line ocrx_word'/>
</head>
<body>
  <div class='ocr_page' id='page_1' title='image "./rerumitalicarums523murauoft_0062.png"; bbox 0 0 2288 3476; ppageno 0'>
   <div class='ocr_carea' id='block_1_1' title="bbox 360 193 1446 232">
    <p class='ocr_par' dir='ltr' id='par_1_1' title="bbox 360 193 1446 232">
     <span class='ocr_line' id='line_1_1' title="bbox 360 193 1446 232; baseline -0.001 0"><span class='ocrx_word' id='word_1_1' title='bbox 360 196 451 232; x_wconf 94' lang='lat' dir='ltr'>LIV</span> <span class='ocrx_word' id='word_1_2' title='bbox 1111 193 1446 231; x_wconf 87' lang='lat' dir='ltr'>PREFAZIONE</span> 
     </span>
    </p>
   </div>
   <div class='ocr_carea' id='block_1_2' title="bbox 2161 389 2288 3476">
    <p class='ocr_par' dir='ltr' id='par_1_2' title="bbox 2161 389 2288 3476">
     <span class='ocr_line' id='line_1_2' title="bbox 2232 389 2288 588; baseline 0 0"><span class='ocrx_word' id='word_1_3' title='bbox 2232 389 2288 588; x_wconf 95' lang='lat' dir='ltr'>   </span> 
     </span>
     <span class='ocr_line' id='line_1_3' title="bbox 2232 588 2288 659; baseline 0 2817"><span class='ocrx_word' id='word_1_4' title='bbox 2232 588 2288 659; x_wconf 95' lang='lat' dir='ltr'> </span> 
     </span>
     <span class='ocr_line' id='line_1_4' title="bbox 2232 659 2288 725; baseline 0 2751"><span class='ocrx_word' id='word_1_5' title='bbox 2232 659 2288 725; x_wconf 95' lang='lat' dir='ltr'> </span> 
     </span>
     <span class='ocr_line' id='line_1_5' title="bbox 2232 725 2288 992; baseline 0 -134"><span class='ocrx_word' id='word_1_6' title='bbox 2232 725 2288 992; x_wconf 95' lang='lat' dir='ltr'>    </span> 
     </span>
     <span class='ocr_line' id='line_1_6' title="bbox 2228 992 2288 1195; baseline 0 0"><span class='ocrx_word' id='word_1_7' title='bbox 2228 992 2288 1195; x_wconf 95' lang='lat' dir='ltr'>   </span> 
     </span>
     <span class='ocr_line' id='line_1_7' title="bbox 2228 1195 2288 1261; baseline 0 2215"><span class='ocrx_word' id='word_1_8' title='bbox 2228 1195 2288 1261; x_wconf 95' lang='lat' dir='ltr'> </span> 
     </span>
     <span class='ocr_line' id='line_1_8' title="bbox 2228 1261 2288 1328; baseline 0 2148"><span class='ocrx_word' id='word_1_9' title='bbox 2228 1261 2288 1328; x_wconf 95' lang='lat' dir='ltr'> </span> 
     </span>
     <span class='ocr_line' id='line_1_9' title="bbox 2230 1328 2288 1394; baseline 0 2082"><span class='ocrx_word' id='word_1_10' title='bbox 2230 1328 2288 1394; x_wconf 95' lang='lat' dir='ltr'> </span> 
     </span>
     <span class='ocr_line' id='line_1_10' title="bbox 2228 1394 2288 1461; baseline 0 2015"><span class='ocrx_word' id='word_1_11' title='bbox 2228 1394 2288 1461; x_wconf 95' lang='lat' dir='ltr'> </span> 
     </span>
     <span class='ocr_line' id='line_1_11' title="bbox 2226 1461 2288 1728; baseline 0 -137"><span class='ocrx_word' id='word_1_12' title='bbox 2226 1461 2288 1728; x_wconf 95' lang='lat' dir='ltr'>    </span> 
     </span>
     <span class='ocr_line' id='line_1_12' title="bbox 2225 1728 2288 1936; baseline 0 -89"><span class='ocrx_word' id='word_1_13' title='bbox 2225 1728 2288 1936; x_wconf 95' lang='lat' dir='ltr'>   </span> 
     </span>
     <span class='ocr_line' id='line_1_13' title="bbox 2223 1936 2288 2113; baseline 0 -16"><span class='ocrx_word' id='word_1_14' title='bbox 2223 1936 2288 2113; x_wconf 95' lang='lat' dir='ltr'>    </span> 
     </span>
     <span class='ocr_line' id='line_1_14' title="bbox 2226 2113 2288 2205; baseline 0 -57"><span class='ocrx_word' id='word_1_15' title='bbox 2226 2113 2288 2205; x_wconf 95' lang='lat' dir='ltr'>   </span> 
     </span>
     <span class='ocr_line' id='line_1_15' title="bbox 2165 2205 2288 2416; baseline 0 -102"><span class='ocrx_word' id='word_1_16' title='bbox 2165 2205 2288 2416; x_wconf 95' lang='lat' dir='ltr'>      </span> 
     </span>
     <span class='ocr_line' id='line_1_16' title="bbox 2196 2432 2288 2712; baseline 0 -33"><span class='ocrx_word' id='word_1_17' title='bbox 2196 2432 2288 2712; x_wconf 95' lang='lat' dir='ltr'>    </span> 
     </span>
     <span class='ocr_line' id='line_1_17' title="bbox 2202 2712 2288 2776; baseline 0 700"><span class='ocrx_word' id='word_1_18' title='bbox 2202 2712 2288 2776; x_wconf 95' lang='lat' dir='ltr'> </span> 
     </span>
     <span class='ocr_line' id='line_1_18' title="bbox 2161 2776 2288 3476; baseline 0 0"><span class='ocrx_word' id='word_1_19' title='bbox 2161 2776 2288 3476; x_wconf 95' lang='lat' dir='ltr'>   </span> 
     </span>
    </p>
   </div>
   <div class='ocr_carea' id='block_1_3' title="bbox 362 319 2206 500">
    <p class='ocr_par' dir='ltr' id='par_1_3' title="bbox 362 319 2206 500">
     <span class='ocr_line' id='line_1_19' title="bbox 451 319 2205 366; baseline 0.001 -12"><span class='ocrx_word' id='word_1_20' title='bbox 451 321 465 338; x_wconf 75' lang='lat'>‘⁴</span> <span class='ocrx_word' id='word_1_21' title='bbox 486 319 689 365; x_wconf 88' lang='lat' dir='ltr'>Quumque</span> <span class='ocrx_word' id='word_1_22' title='bbox 717 321 763 354; x_wconf 92' lang='lat' dir='ltr'>de</span> <span class='ocrx_word' id='word_1_23' title='bbox 791 320 982 366; x_wconf 85' lang='lat' dir='ltr'><strong>sepultura</strong></span> <span class='ocrx_word' id='word_1_24' title='bbox 1010 319 1088 354; x_wconf 88' lang='lat' dir='ltr'>eius</span> <span class='ocrx_word' id='word_1_25' title='bbox 1116 319 1367 354; x_wconf 85' lang='lat' dir='ltr'>diversissime</span> <span class='ocrx_word' id='word_1_26' title='bbox 1395 319 1592 366; x_wconf 85' lang='lat' dir='ltr'>opiniones</span> <span class='ocrx_word' id='word_1_27' title='bbox 1611 319 1806 354; x_wconf 90' lang='lat' dir='ltr'>hominum</span> <span class='ocrx_word' id='word_1_28' title='bbox 1825 324 1962 364; x_wconf 89' lang='lat' dir='ltr'>essent,</span> <span class='ocrx_word' id='word_1_29' title='bbox 1982 319 2205 366; x_wconf 90' lang='lat' dir='ltr'>quibusdam</span> 
     </span>
     <span class='ocr_line' id='line_1_20' title="bbox 362 384 2204 433; baseline 0 -12"><span class='ocrx_word' id='word_1_30' title='bbox 362 389 376 405; x_wconf 87' lang='lat'>“</span> <span class='ocrx_word' id='word_1_31' title='bbox 397 386 599 429; x_wconf 87' lang='lat' dir='ltr'>Florentie,</span> <span class='ocrx_word' id='word_1_32' title='bbox 628 385 815 420; x_wconf 89' lang='lat' dir='ltr'>nonnullis</span> <span class='ocrx_word' id='word_1_33' title='bbox 846 385 951 420; x_wconf 91' lang='lat' dir='ltr'>Luce</span> <span class='ocrx_word' id='word_1_34' title='bbox 980 397 1064 420; x_wconf 90' lang='lat' dir='ltr'>eam</span> <span class='ocrx_word' id='word_1_35' title='bbox 1096 397 1178 420; x_wconf 91' lang='lat' dir='ltr'>esse</span> <span class='ocrx_word' id='word_1_36' title='bbox 1207 385 1432 429; x_wconf 86' lang='lat' dir='ltr'>dicentibus,</span> <span class='ocrx_word' id='word_1_37' title='bbox 1471 384 1597 420; x_wconf 88' lang='lat' dir='ltr'>Guido</span> <span class='ocrx_word' id='word_1_38' title='bbox 1636 385 1820 433; x_wconf 88' lang='lat' dir='ltr'>Gonzaga</span> <span class='ocrx_word' id='word_1_39' title='bbox 1846 385 1921 421; x_wconf 91' lang='lat' dir='ltr'>loci</span> <span class='ocrx_word' id='word_1_40' title='bbox 1957 385 2034 421; x_wconf 90' lang='lat' dir='ltr'>eius</span> <span class='ocrx_word' id='word_1_41' title='bbox 2062 386 2204 422; x_wconf 87' lang='lat' dir='ltr'>instau-</span> 
     </span>
     <span class='ocr_line' id='line_1_21' title="bbox 365 452 2206 500; baseline 0 -12"><span class='ocrx_word' id='word_1_42' title='bbox 365 453 381 471; x_wconf 85' lang='lat'>“</span> <span class='ocrx_word' id='word_1_43' title='bbox 400 458 514 497; x_wconf 88' lang='lat' dir='ltr'>rator,</span> <span class='ocrx_word' id='word_1_44' title='bbox 543 452 783 499; x_wconf 87' lang='lat' dir='ltr'>sepulchrum</span> <span class='ocrx_word' id='word_1_45' title='bbox 811 453 945 499; x_wconf 90' lang='lat' dir='ltr'>aperiri</span> <span class='ocrx_word' id='word_1_46' title='bbox 973 452 1091 495; x_wconf 83' lang='lat' dir='ltr'>iussit,</span> <span class='ocrx_word' id='word_1_47' title='bbox 1120 452 1337 497; x_wconf 84' lang='lat' dir='ltr'>invenitque</span> <span class='ocrx_word' id='word_1_48' title='bbox 1365 452 1402 486; x_wconf 90' lang='lat' dir='ltr'>in</span> <span class='ocrx_word' id='word_1_49' title='bbox 1431 463 1476 486; x_wconf 93' lang='lat' dir='ltr'>eo</span> <span class='ocrx_word' id='word_1_50' title='bbox 1506 463 1642 499; x_wconf 89' lang='lat' dir='ltr'>corpus</span> <span class='ocrx_word' id='word_1_51' title='bbox 1671 452 1834 494; x_wconf 89' lang='lat' dir='ltr'>unicum,</span> <span class='ocrx_word' id='word_1_52' title='bbox 1864 452 2065 500; x_wconf 80' lang='lat' dir='ltr'>integrum,</span> <span class='ocrx_word' id='word_1_53' title='bbox 2101 453 2206 488; x_wconf 82' lang='lat' dir='ltr'>femi-</span> 
     </span>
    </p>
   </div>
   <div class='ocr_carea' id='block_1_4' title="bbox 2239 0 2253 581">
    <p class='ocr_par' dir='ltr' id='par_1_4' title="bbox 2239 0 2253 581">
     <span class='ocr_line' id='line_1_22' title="bbox 2239 0 2253 581; textangle 90"><span class='ocrx_word' id='word_1_54' title='bbox 2245 568 2250 581; x_wconf 66' lang='grc' dir='ltr'><em>α</em></span> <span class='ocrx_word' id='word_1_55' title='bbox 2250 512 2253 520; x_wconf 92' lang='grc'>..</span> <span class='ocrx_word' id='word_1_56' title='bbox 2240 483 2253 504; x_wconf 56' lang='lat' dir='ltr'>⁴·AE</span> <span class='ocrx_word' id='word_1_57' title='bbox 2239 0 2253 478; x_wconf 41' lang='lat' dir='ltr'>sat-wtffibzwm—ss—nsaei-owmoassmm</span> 
     </span>
    </p>
   </div>
   <div class='ocr_carea' id='block_1_5' title="bbox 363 518 2270 1838">
    <p class='ocr_par' dir='ltr' id='par_1_5' title="bbox 364 518 2256 902">
     <span class='ocr_line' id='line_1_23' title="bbox 367 518 2247 565; baseline 0 -10"><span class='ocrx_word' id='word_1_58' title='bbox 367 519 382 537; x_wconf 85' lang='lat'>“</span> <span class='ocrx_word' id='word_1_59' title='bbox 399 532 512 556; x_wconf 92' lang='lat' dir='ltr'>neum</span> <span class='ocrx_word' id='word_1_60' title='bbox 539 521 640 565; x_wconf 93' lang='lat' dir='ltr'>quod</span> <span class='ocrx_word' id='word_1_61' title='bbox 671 524 889 565; x_wconf 86' lang='lat' dir='ltr'>spectarunt</span> <span class='ocrx_word' id='word_1_62' title='bbox 918 519 1091 553; x_wconf 89' lang='lat' dir='ltr'>dominus</span> <span class='ocrx_word' id='word_1_63' title='bbox 1120 518 1304 553; x_wconf 89' lang='lat' dir='ltr'>Eusebius</span> <span class='ocrx_word' id='word_1_64' title='bbox 1332 519 1461 562; x_wconf 87' lang='lat' dir='ltr'>abbas,</span> <span class='ocrx_word' id='word_1_65' title='bbox 1490 518 1656 554; x_wconf 92' lang='lat' dir='ltr'>universi</span> <span class='ocrx_word' id='word_1_66' title='bbox 1683 519 1859 554; x_wconf 86' lang='lat' dir='ltr'>monachi</span> <span class='ocrx_word' id='word_1_67' title='bbox 1877 530 1923 554; x_wconf 92' lang='lat' dir='ltr'>eo</span> <span class='ocrx_word' id='word_1_68' title='bbox 1942 519 2016 554; x_wconf 90' lang='lat' dir='ltr'>loci</span> <span class='ocrx_word' id='word_1_69' title='bbox 2039 521 2111 555; x_wconf 92' lang='lat' dir='ltr'>deo</span> <span class='ocrx_word' id='word_1_70' title='bbox 2130 531 2206 555; x_wconf 82' lang='lat' dir='ltr'>ser·</span> <span class='ocrx_word' id='word_1_71' title='bbox 2240 555 2247 560; x_wconf 70' lang='grc'><em>,</em></span> 
     </span>
     <span class='ocr_line' id='line_1_24' title="bbox 367 584 2256 634; baseline 0.001 -13"><span class='ocrx_word' id='word_1_72' title='bbox 367 586 382 604; x_wconf 85' lang='lat'>“</span> <span class='ocrx_word' id='word_1_73' title='bbox 399 587 555 622; x_wconf 87' lang='lat' dir='ltr'>vientes.</span> <span class='ocrx_word' id='word_1_74' title='bbox 612 585 861 632; x_wconf 89' lang='lat' dir='ltr'>Sepulchrum</span> <span class='ocrx_word' id='word_1_75' title='bbox 889 597 981 620; x_wconf 90' lang='lat' dir='ltr'>vero</span> <span class='ocrx_word' id='word_1_76' title='bbox 1010 597 1126 631; x_wconf 90' lang='lat' dir='ltr'>quum</span> <span class='ocrx_word' id='word_1_77' title='bbox 1154 596 1267 631; x_wconf 89' lang='lat' dir='ltr'>super</span> <span class='ocrx_word' id='word_1_78' title='bbox 1295 590 1382 620; x_wconf 86' lang='lat' dir='ltr'>octo</span> <span class='ocrx_word' id='word_1_79' title='bbox 1403 584 1606 620; x_wconf 91' lang='lat' dir='ltr'>columellis</span> <span class='ocrx_word' id='word_1_80' title='bbox 1626 586 1790 632; x_wconf 91' lang='lat' dir='ltr'>positum</span> <span class='ocrx_word' id='word_1_81' title='bbox 1809 587 1856 621; x_wconf 90' lang='lat' dir='ltr'>ad</span> <span class='ocrx_word' id='word_1_82' title='bbox 1875 585 2062 622; x_wconf 85' lang='lat' dir='ltr'>sinistram</span> <span class='ocrx_word' id='word_1_83' title='bbox 2080 586 2207 634; x_wconf 86' lang='lat' dir='ltr'>ingre·</span> <span class='ocrx_word' id='word_1_84' title='bbox 2243 598 2256 603; x_wconf 66' lang='grc'>’</span> 
     </span>
     <span class='ocr_line' id='line_1_25' title="bbox 371 652 2209 701; baseline 0.001 -14"><span class='ocrx_word' id='word_1_85' title='bbox 371 655 385 673; x_wconf 77' lang='grc'><em>“</em></span> <span class='ocrx_word' id='word_1_86' title='bbox 403 653 601 697; x_wconf 86' lang='lat' dir='ltr'>dientibus,</span> <span class='ocrx_word' id='word_1_87' title='bbox 629 652 726 687; x_wconf 91' lang='lat' dir='ltr'>inter</span> <span class='ocrx_word' id='word_1_88' title='bbox 762 654 854 687; x_wconf 86' lang='lat' dir='ltr'>duas</span> <span class='ocrx_word' id='word_1_89' title='bbox 894 653 1086 687; x_wconf 88' lang='lat' dir='ltr'>columnas</span> <span class='ocrx_word' id='word_1_90' title='bbox 1123 652 1301 696; x_wconf 87' lang='lat' dir='ltr'>locatum,</span> <span class='ocrx_word' id='word_1_91' title='bbox 1338 652 1412 687; x_wconf 87' lang='lat' dir='ltr'>iam</span> <span class='ocrx_word' id='word_1_92' title='bbox 1449 652 1564 687; x_wconf 78' lang='lat' dir='ltr'>ferme</span> <span class='ocrx_word' id='word_1_93' title='bbox 1600 653 1744 696; x_wconf 88' lang='lat' dir='ltr'>ruebat,</span> <span class='ocrx_word' id='word_1_94' title='bbox 1782 655 1829 688; x_wconf 91' lang='lat' dir='ltr'>ad</span> <span class='ocrx_word' id='word_1_95' title='bbox 1865 653 2045 701; x_wconf 87' lang='lat' dir='ltr'>angulum</span> <span class='ocrx_word' id='word_1_96' title='bbox 2079 652 2209 701; x_wconf 88' lang='lat' dir='ltr'>templi</span> 
     </span>
     <span class='ocr_line' id='line_1_26' title="bbox 368 702 2256 767; baseline 0.001 -12"><span class='ocrx_word' id='word_1_97' title='bbox 368 719 383 737; x_wconf 80' lang='lat'>‘⁴</span> <span class='ocrx_word' id='word_1_98' title='bbox 399 719 610 755; x_wconf 84' lang='lat' dir='ltr'>honorabili</span> <span class='ocrx_word' id='word_1_99' title='bbox 629 719 692 753; x_wconf 90' lang='lat' dir='ltr'>ubi</span> <span class='ocrx_word' id='word_1_100' title='bbox 711 731 813 754; x_wconf 89' lang='lat' dir='ltr'>nunc</span> <span class='ocrx_word' id='word_1_101' title='bbox 842 719 1007 754; x_wconf 90' lang='lat' dir='ltr'>cernitur</span> <span class='ocrx_word' id='word_1_102' title='bbox 1033 730 1153 765; x_wconf 89' lang='lat' dir='ltr'>prope</span> <span class='ocrx_word' id='word_1_103' title='bbox 1182 719 1359 754; x_wconf 89' lang='lat' dir='ltr'>sacellum</span> <span class='ocrx_word' id='word_1_104' title='bbox 1387 719 1473 754; x_wconf 91' lang='lat' dir='ltr'>dive</span> <span class='ocrx_word' id='word_1_105' title='bbox 1491 719 1636 767; x_wconf 89' lang='lat' dir='ltr'>Justine</span> <span class='ocrx_word' id='word_1_106' title='bbox 1657 719 1858 755; x_wconf 87' lang='lat' dir='ltr'>collocavit</span> <span class='ocrx_word' id='word_1_107' title='bbox 1886 731 1985 755; x_wconf 87' lang='lat' dir='ltr'>anno</span> <span class='ocrx_word' id='word_1_108' title='bbox 2004 719 2043 756; x_wconf 90' lang='lat' dir='ltr'>V</span> <span class='ocrx_word' id='word_1_109' title='bbox 2070 725 2109 756; x_wconf 82' lang='lat' dir='ltr'>et</span> <span class='ocrx_word' id='word_1_110' title='bbox 2133 719 2210 756; x_wconf 88' lang='lat' dir='ltr'>XL</span> <span class='ocrx_word' id='word_1_111' title='bbox 2240 702 2256 758; x_wconf 27' lang='grc' dir='ltr'>ά,</span> 
     </span>
     <span class='ocr_line' id='line_1_27' title="bbox 367 781 2242 834; baseline 0.001 -13"><span class='ocrx_word' id='word_1_112' title='bbox 367 789 382 805; x_wconf 83' lang='lat'>“</span> <span class='ocrx_word' id='word_1_113' title='bbox 402 798 515 833; x_wconf 90' lang='lat' dir='ltr'>supra</span> <span class='ocrx_word' id='word_1_114' title='bbox 534 785 670 820; x_wconf 89' lang='lat' dir='ltr'>CCCC</span> <span class='ocrx_word' id='word_1_115' title='bbox 689 791 726 820; x_wconf 91' lang='lat' dir='ltr'>et</span> <span class='ocrx_word' id='word_1_116' title='bbox 746 786 993 831; x_wconf 87' lang='lat' dir='ltr'>millesimum,</span> <span class='ocrx_word' id='word_1_117' title='bbox 1014 791 1194 833; x_wconf 88' lang='lat' dir='ltr'>regnante</span> <span class='ocrx_word' id='word_1_118' title='bbox 1214 786 1367 820; x_wconf 88' lang='lat' dir='ltr'>domino</span> <span class='ocrx_word' id='word_1_119' title='bbox 1386 785 1473 821; x_wconf 89' lang='lat' dir='ltr'>Iesu</span> <span class='ocrx_word' id='word_1_120' title='bbox 1493 786 1552 821; x_wconf 92' lang='lat' dir='ltr'>cui</span> <span class='ocrx_word' id='word_1_121' title='bbox 1572 791 1628 821; x_wconf 94' lang='lat' dir='ltr'>est</span> <span class='ocrx_word' id='word_1_122' title='bbox 1654 786 1777 821; x_wconf 91' lang='lat' dir='ltr'>honor</span> <span class='ocrx_word' id='word_1_123' title='bbox 1804 791 1842 821; x_wconf 92' lang='lat' dir='ltr'>et</span> <span class='ocrx_word' id='word_1_124' title='bbox 1869 786 2001 834; x_wconf 84' lang='lat' dir='ltr'>gloria.</span> <span class='ocrx_word' id='word_1_125' title='bbox 2029 787 2157 823; x_wconf 90' lang='lat' dir='ltr'>Amen</span> <span class='ocrx_word' id='word_1_126' title='bbox 2176 811 2209 832; x_wconf 75' lang='lat'>„0</span> <span class='ocrx_word' id='word_1_127' title='bbox 2240 781 2242 784; x_wconf 45' lang='grc'>’</span> 
     </span>
     <span class='ocr_line' id='line_1_28' title="bbox 364 838 2245 902; baseline 0.001 -14"><span class='ocrx_word' id='word_1_128' title='bbox 364 851 418 902; x_wconf 85' lang='lat' dir='ltr'>(p.</span> <span class='ocrx_word' id='word_1_129' title='bbox 453 852 551 900; x_wconf 78' lang='lat'>166).</span> <span class='ocrx_word' id='word_1_130' title='bbox 2241 838 2245 845; x_wconf 87' lang='grc'><strong>“</strong></span> 
     </span>
    </p>

    <p class='ocr_par' dir='ltr' id='par_1_6' title="bbox 363 914 2270 1638">
     <span class='ocr_line' id='line_1_29' title="bbox 451 920 2235 968; baseline 0.001 -12"><span class='ocrx_word' id='word_1_131' title='bbox 451 920 491 956; x_wconf 88' lang='lat' dir='ltr'>Si</span> <span class='ocrx_word' id='word_1_132' title='bbox 519 921 540 955; x_wconf 75' lang='lat' dir='ltr'>e</span> <span class='ocrx_word' id='word_1_133' title='bbox 568 921 629 968; x_wconf 67' lang='lat' dir='ltr'>gia</span> <span class='ocrx_word' id='word_1_134' title='bbox 658 926 867 956; x_wconf 89' lang='lat' dir='ltr'>accennato</span> <span class='ocrx_word' id='word_1_135' title='bbox 896 920 930 955; x_wconf 87' lang='lat' dir='ltr'>ai</span> <span class='ocrx_word' id='word_1_136' title='bbox 959 921 1125 967; x_wconf 85' lang='lat' dir='ltr'>rapporti</span> <span class='ocrx_word' id='word_1_137' title='bbox 1153 921 1190 955; x_wconf 94' lang='lat' dir='ltr'>di</span> <span class='ocrx_word' id='word_1_138' title='bbox 1218 925 1352 966; x_wconf 90' lang='lat' dir='ltr'>questo</span> <span class='ocrx_word' id='word_1_139' title='bbox 1381 926 1615 956; x_wconf 89' lang='lat' dir='ltr'>romanzetto</span> <span class='ocrx_word' id='word_1_140' title='bbox 1644 932 1717 955; x_wconf 92' lang='lat' dir='ltr'>con</span> <span class='ocrx_word' id='word_1_141' title='bbox 1749 920 1951 967; x_wconf 88' lang='lat' dir='ltr'>l&#39;Epitome</span> <span class='ocrx_word' id='word_1_142' title='bbox 1986 920 2211 967; x_wconf 82' lang='lat' dir='ltr'>polironese,</span> <span class='ocrx_word' id='word_1_143' title='bbox 2234 931 2235 934; x_wconf 76' lang='grc'>’</span> 
     </span>
     <span class='ocr_line' id='line_1_30' title="bbox 364 987 2235 1035; baseline 0.001 -12"><span class='ocrx_word' id='word_1_144' title='bbox 364 987 571 1023; x_wconf 89' lang='lat' dir='ltr'>dimostrati</span> <span class='ocrx_word' id='word_1_145' title='bbox 600 987 660 1022; x_wconf 87' lang='lat' dir='ltr'>dai</span> <span class='ocrx_word' id='word_1_146' title='bbox 689 988 765 1022; x_wconf 91' lang='lat' dir='ltr'>dati</span> <span class='ocrx_word' id='word_1_147' title='bbox 793 988 853 1023; x_wconf 90' lang='lat' dir='ltr'>del</span> <span class='ocrx_word' id='word_1_148' title='bbox 881 988 1066 1034; x_wconf 89' lang='lat' dir='ltr'>sepolcro,</span> <span class='ocrx_word' id='word_1_149' title='bbox 1096 998 1117 1022; x_wconf 87' lang='lat' dir='ltr'>e</span> <span class='ocrx_word' id='word_1_150' title='bbox 1145 988 1242 1023; x_wconf 88' lang='lat' dir='ltr'>dalla</span> <span class='ocrx_word' id='word_1_151' title='bbox 1271 987 1419 1023; x_wconf 88' lang='lat' dir='ltr'>curiosa</span> <span class='ocrx_word' id='word_1_152' title='bbox 1447 988 1610 1023; x_wconf 89' lang='lat' dir='ltr'>storiella</span> <span class='ocrx_word' id='word_1_153' title='bbox 1638 987 1733 1023; x_wconf 91' lang='lat' dir='ltr'>della</span> <span class='ocrx_word' id='word_1_154' title='bbox 1761 988 1907 1035; x_wconf 87' lang='lat' dir='ltr'>origine</span> <span class='ocrx_word' id='word_1_155' title='bbox 1935 988 1973 1023; x_wconf 91' lang='lat' dir='ltr'>di</span> <span class='ocrx_word' id='word_1_156' title='bbox 1991 987 2165 1024; x_wconf 86' lang='lat' dir='ltr'>Beatrice</span> <span class='ocrx_word' id='word_1_157' title='bbox 2192 993 2235 1024; x_wconf 73' lang='lat' dir='ltr'>e&#39;</span> 
     </span>
     <span class='ocr_line' id='line_1_31' title="bbox 365 1051 2243 1101; baseline 0 -12"><span class='ocrx_word' id='word_1_158' title='bbox 365 1055 460 1089; x_wconf 93' lang='lat' dir='ltr'>delle</span> <span class='ocrx_word' id='word_1_159' title='bbox 489 1066 554 1089; x_wconf 90' lang='lat' dir='ltr'>sue</span> <span class='ocrx_word' id='word_1_160' title='bbox 583 1060 810 1090; x_wconf 85' lang='lat' dir='ltr'>avventure:</span> <span class='ocrx_word' id='word_1_161' title='bbox 841 1067 902 1090; x_wconf 92' lang='lat' dir='ltr'>ma</span> <span class='ocrx_word' id='word_1_162' title='bbox 930 1068 981 1089; x_wconf 93' lang='lat' dir='ltr'>un</span> <span class='ocrx_word' id='word_1_163' title='bbox 1019 1054 1112 1090; x_wconf 88' lang='lat' dir='ltr'>altro</span> <span class='ocrx_word' id='word_1_164' title='bbox 1150 1054 1374 1101; x_wconf 88' lang='lat' dir='ltr'>particolare</span> <span class='ocrx_word' id='word_1_165' title='bbox 1401 1055 1438 1089; x_wconf 89' lang='lat' dir='ltr'>lo</span> <span class='ocrx_word' id='word_1_166' title='bbox 1477 1055 1681 1090; x_wconf 84' lang='lat' dir='ltr'>conferma.</span> <span class='ocrx_word' id='word_1_167' title='bbox 1738 1054 1961 1101; x_wconf 84' lang='lat' dir='ltr'>L&#39;Epitome</span> <span class='ocrx_word' id='word_1_168' title='bbox 1998 1054 2214 1091; x_wconf 87' lang='lat' dir='ltr'>attribuisce</span> <span class='ocrx_word' id='word_1_169' title='bbox 2242 1051 2243 1089; x_wconf 71' lang='lat' dir='ltr'>J</span> 
     </span>
     <span class='ocr_line' id='line_1_32' title="bbox 366 1120 2236 1170; baseline 0.001 -13"><span class='ocrx_word' id='word_1_170' title='bbox 366 1133 473 1157; x_wconf 91' lang='lat' dir='ltr'>corne</span> <span class='ocrx_word' id='word_1_171' title='bbox 501 1122 635 1157; x_wconf 89' lang='lat' dir='ltr'>marito</span> <span class='ocrx_word' id='word_1_172' title='bbox 664 1134 685 1157; x_wconf 91' lang='lat' dir='ltr'>a</span> <span class='ocrx_word' id='word_1_173' title='bbox 712 1122 871 1158; x_wconf 90' lang='lat' dir='ltr'>Matilde</span> <span class='ocrx_word' id='word_1_174' title='bbox 900 1123 1019 1157; x_wconf 87' lang='lat' dir='ltr'>anche</span> <span class='ocrx_word' id='word_1_175' title='bbox 1048 1135 1099 1156; x_wconf 92' lang='lat' dir='ltr'>un</span> <span class='ocrx_word' id='word_1_176' title='bbox 1126 1122 1259 1169; x_wconf 87' lang='lat' dir='ltr'>ignoto</span> <span class='ocrx_word' id='word_1_177' title='bbox 1294 1121 1437 1170; x_wconf 80' lang='lat' dir='ltr'>Gigone</span> <span class='ocrx_word' id='word_1_178' title='bbox 1464 1124 1563 1157; x_wconf 87' lang='lat' dir='ltr'>duca</span> <span class='ocrx_word' id='word_1_179' title='bbox 1592 1121 1629 1157; x_wconf 90' lang='lat' dir='ltr'>di</span> <span class='ocrx_word' id='word_1_180' title='bbox 1647 1121 1900 1157; x_wconf 90' lang='lat' dir='ltr'>Normandia.</span> <span class='ocrx_word' id='word_1_181' title='bbox 1946 1120 1975 1156; x_wconf 91' lang='lat'>11</span> <span class='ocrx_word' id='word_1_182' title='bbox 1994 1121 2160 1158; x_wconf 88' lang='lat' dir='ltr'>Panezio</span> <span class='ocrx_word' id='word_1_183' title='bbox 2179 1122 2236 1158; x_wconf 75' lang='lat' dir='ltr'>civ</span> 
     </span>
     <span class='ocr_line' id='line_1_33' title="bbox 364 1188 2234 1237; baseline 0 -13"><span class='ocrx_word' id='word_1_184' title='bbox 364 1190 492 1237; x_wconf 87' lang='lat' dir='ltr'>spiega</span> <span class='ocrx_word' id='word_1_185' title='bbox 522 1189 589 1224; x_wconf 89' lang='lat' dir='ltr'>che</span> <span class='ocrx_word' id='word_1_186' title='bbox 618 1189 648 1224; x_wconf 91' lang='lat' dir='ltr'>si</span> <span class='ocrx_word' id='word_1_187' title='bbox 675 1194 787 1224; x_wconf 86' lang='lat' dir='ltr'>tratta</span> <span class='ocrx_word' id='word_1_188' title='bbox 816 1190 950 1224; x_wconf 90' lang='lat' dir='ltr'>invece</span> <span class='ocrx_word' id='word_1_189' title='bbox 978 1189 1014 1224; x_wconf 93' lang='lat' dir='ltr'>di</span> <span class='ocrx_word' id='word_1_190' title='bbox 1043 1189 1239 1236; x_wconf 84' lang='lat' dir='ltr'>Drogone,</span> <span class='ocrx_word' id='word_1_191' title='bbox 1268 1189 1291 1223; x_wconf 93' lang='lat' dir='ltr'>il</span> <span class='ocrx_word' id='word_1_192' title='bbox 1320 1189 1466 1224; x_wconf 84' lang='lat' dir='ltr'>fratello</span> <span class='ocrx_word' id='word_1_193' title='bbox 1495 1189 1532 1223; x_wconf 92' lang='lat' dir='ltr'>di</span> <span class='ocrx_word' id='word_1_194' title='bbox 1559 1189 1732 1224; x_wconf 88' lang='lat' dir='ltr'>Roberto</span> <span class='ocrx_word' id='word_1_195' title='bbox 1762 1188 1988 1233; x_wconf 66' lang='lat' dir='ltr'>Guiscmdo,</span> <span class='ocrx_word' id='word_1_196' title='bbox 2016 1190 2065 1224; x_wconf 88' lang='lat' dir='ltr'>da</span> <span class='ocrx_word' id='word_1_197' title='bbox 2093 1188 2153 1224; x_wconf 90' lang='lat' dir='ltr'>cui</span> <span class='ocrx_word' id='word_1_198' title='bbox 2179 1188 2216 1225; x_wconf 83' lang='lat' dir='ltr'>la</span> <span class='ocrx_word' id='word_1_199' title='bbox 2232 1197 2234 1201; x_wconf 81' lang='grc'>’</span> 
     </span>
     <span class='ocr_line' id='line_1_34' title="bbox 363 1248 2268 1304; baseline 0 -12"><span class='ocrx_word' id='word_1_200' title='bbox 363 1258 492 1292; x_wconf 90' lang='lat' dir='ltr'>madre</span> <span class='ocrx_word' id='word_1_201' title='bbox 521 1257 555 1291; x_wconf 91' lang='lat' dir='ltr'>la</span> <span class='ocrx_word' id='word_1_202' title='bbox 583 1257 664 1292; x_wconf 84' lang='lat' dir='ltr'>fece</span> <span class='ocrx_word' id='word_1_203' title='bbox 693 1257 839 1304; x_wconf 83' lang='lat' dir='ltr'>fuggire</span> <span class='ocrx_word' id='word_1_204' title='bbox 869 1268 936 1303; x_wconf 89' lang='lat' dir='ltr'>per</span> <span class='ocrx_word' id='word_1_205' title='bbox 963 1256 974 1290; x_wconf 91' lang='lat' dir='ltr'>i</span> <span class='ocrx_word' id='word_1_206' title='bbox 1002 1256 1308 1291; x_wconf 89' lang='lat' dir='ltr'>maltrattarnenti</span> <span class='ocrx_word' id='word_1_207' title='bbox 1338 1257 1407 1291; x_wconf 91' lang='lat' dir='ltr'>che</span> <span class='ocrx_word' id='word_1_208' title='bbox 1436 1257 1588 1291; x_wconf 89' lang='lat' dir='ltr'>subiva:</span> <span class='ocrx_word' id='word_1_209' title='bbox 1619 1255 1803 1303; x_wconf 89' lang='lat' dir='ltr'>Drogone</span> <span class='ocrx_word' id='word_1_210' title='bbox 1832 1267 1924 1302; x_wconf 90' lang='lat' dir='ltr'>pure</span> <span class='ocrx_word' id='word_1_211' title='bbox 1952 1256 1973 1290; x_wconf 79' lang='grc' dir='ltr'>ὲ</span> <span class='ocrx_word' id='word_1_212' title='bbox 1991 1255 2086 1291; x_wconf 86' lang='lat' dir='ltr'>fatto</span> <span class='ocrx_word' id='word_1_213' title='bbox 2113 1256 2236 1292; x_wconf 89' lang='lat' dir='ltr'>ucci··</span> <span class='ocrx_word' id='word_1_214' title='bbox 2266 1248 2268 1260; x_wconf 75' lang='grc'><strong>’</strong></span> 
     </span>
     <span class='ocr_line' id='line_1_35' title="bbox 365 1309 2269 1370; baseline -0.001 -11"><span class='ocrx_word' id='word_1_215' title='bbox 365 1325 453 1359; x_wconf 87' lang='lat' dir='ltr'>dere</span> <span class='ocrx_word' id='word_1_216' title='bbox 481 1323 518 1357; x_wconf 93' lang='lat' dir='ltr'>in</span> <span class='ocrx_word' id='word_1_217' title='bbox 547 1335 621 1358; x_wconf 91' lang='lat' dir='ltr'>una</span> <span class='ocrx_word' id='word_1_218' title='bbox 648 1323 794 1358; x_wconf 88' lang='lat' dir='ltr'>latrina.</span> <span class='ocrx_word' id='word_1_219' title='bbox 849 1323 980 1359; x_wconf 91' lang='lat' dir='ltr'>Anche</span> <span class='ocrx_word' id='word_1_220' title='bbox 1009 1323 1071 1369; x_wconf 93' lang='lat' dir='ltr'>qui</span> <span class='ocrx_word' id='word_1_221' title='bbox 1101 1334 1207 1357; x_wconf 91' lang='lat' dir='ltr'>come</span> <span class='ocrx_word' id='word_1_222' title='bbox 1235 1334 1301 1368; x_wconf 91' lang='lat' dir='ltr'>per</span> <span class='ocrx_word' id='word_1_223' title='bbox 1328 1322 1500 1370; x_wconf 70' lang='lat' dir='ltr'>l&#39;origine</span> <span class='ocrx_word' id='word_1_224' title='bbox 1528 1323 1565 1357; x_wconf 89' lang='lat' dir='ltr'>di</span> <span class='ocrx_word' id='word_1_225' title='bbox 1593 1323 1764 1358; x_wconf 90' lang='lat' dir='ltr'>Beatrice</span> <span class='ocrx_word' id='word_1_226' title='bbox 1792 1322 1828 1357; x_wconf 89' lang='lat' dir='ltr'>la</span> <span class='ocrx_word' id='word_1_227' title='bbox 1855 1322 2017 1358; x_wconf 85' lang='lat' dir='ltr'>storiella</span> <span class='ocrx_word' id='word_1_228' title='bbox 2037 1323 2058 1358; x_wconf 82' lang='grc' dir='ltr'>ὲ</span> <span class='ocrx_word' id='word_1_229' title='bbox 2076 1309 2235 1370; x_wconf 43' lang='grc' dir='ltr'>ενίῙυρᾸ</span> <span class='ocrx_word' id='word_1_230' title='bbox 2266 1327 2269 1339; x_wconf 86' lang='grc'><strong>“</strong></span> 
     </span>
     <span class='ocr_line' id='line_1_36' title="bbox 365 1389 2269 1441; baseline 0 -16"><span class='ocrx_word' id='word_1_231' title='bbox 365 1395 453 1437; x_wconf 91' lang='lat' dir='ltr'>pata</span> <span class='ocrx_word' id='word_1_232' title='bbox 479 1390 518 1424; x_wconf 91' lang='lat' dir='ltr'>in</span> <span class='ocrx_word' id='word_1_233' title='bbox 546 1392 660 1425; x_wconf 89' lang='lat' dir='ltr'>modo</span> <span class='ocrx_word' id='word_1_234' title='bbox 690 1391 853 1434; x_wconf 91' lang='lat' dir='ltr'>diverso,</span> <span class='ocrx_word' id='word_1_235' title='bbox 874 1403 907 1434; x_wconf 92' lang='lat' dir='ltr'>e,</span> <span class='ocrx_word' id='word_1_236' title='bbox 927 1391 1016 1425; x_wconf 90' lang='lat' dir='ltr'>dato</span> <span class='ocrx_word' id='word_1_237' title='bbox 1045 1390 1068 1424; x_wconf 92' lang='lat' dir='ltr'>il</span> <span class='ocrx_word' id='word_1_238' title='bbox 1096 1391 1250 1424; x_wconf 91' lang='lat' dir='ltr'>metodo</span> <span class='ocrx_word' id='word_1_239' title='bbox 1280 1401 1353 1424; x_wconf 91' lang='lat' dir='ltr'>con</span> <span class='ocrx_word' id='word_1_240' title='bbox 1383 1390 1443 1424; x_wconf 90' lang='lat' dir='ltr'>cui</span> <span class='ocrx_word' id='word_1_241' title='bbox 1470 1391 1491 1424; x_wconf 78' lang='grc' dir='ltr'><strong>ὲ</strong></span> <span class='ocrx_word' id='word_1_242' title='bbox 1520 1395 1715 1436; x_wconf 89' lang='lat' dir='ltr'>composta</span> <span class='ocrx_word' id='word_1_243' title='bbox 1733 1389 1888 1435; x_wconf 90' lang='lat' dir='ltr'>l’opera,</span> <span class='ocrx_word' id='word_1_244' title='bbox 1917 1401 2012 1424; x_wconf 90' lang='lat' dir='ltr'>sono</span> <span class='ocrx_word' id='word_1_245' title='bbox 2033 1389 2216 1425; x_wconf 89' lang='lat' dir='ltr'>convinto</span> <span class='ocrx_word' id='word_1_246' title='bbox 2239 1439 2241 1441; x_wconf 17' lang='grc' dir='ltr'><strong><em>ι</em></strong></span> <span class='ocrx_word' id='word_1_247' title='bbox 2267 1389 2269 1439; x_wconf 59' lang='grc' dir='ltr'><strong>ᾗ</strong></span> 
     </span>
     <span class='ocr_line' id='line_1_37' title="bbox 369 1456 2218 1503; baseline 0.001 -12"><span class='ocrx_word' id='word_1_248' title='bbox 369 1456 438 1492; x_wconf 91' lang='lat' dir='ltr'>che</span> <span class='ocrx_word' id='word_1_249' title='bbox 466 1457 497 1491; x_wconf 93' lang='lat' dir='ltr'>si</span> <span class='ocrx_word' id='word_1_250' title='bbox 524 1461 638 1491; x_wconf 88' lang='lat' dir='ltr'>tratta</span> <span class='ocrx_word' id='word_1_251' title='bbox 665 1457 702 1491; x_wconf 90' lang='lat' dir='ltr'>di</span> <span class='ocrx_word' id='word_1_252' title='bbox 730 1469 805 1492; x_wconf 91' lang='lat' dir='ltr'>una</span> <span class='ocrx_word' id='word_1_253' title='bbox 833 1457 1128 1492; x_wconf 90' lang='lat' dir='ltr'>rielaborazione</span> <span class='ocrx_word' id='word_1_254' title='bbox 1155 1456 1376 1491; x_wconf 80' lang='lat' dir='ltr'>dell&#39;autore</span> <span class='ocrx_word' id='word_1_255' title='bbox 1404 1457 1501 1491; x_wconf 89' lang='lat' dir='ltr'>della</span> <span class='ocrx_word' id='word_1_256' title='bbox 1528 1457 1666 1491; x_wconf 89' lang='lat' dir='ltr'>notizia</span> <span class='ocrx_word' id='word_1_257' title='bbox 1694 1456 1970 1503; x_wconf 87' lang='lat' dir='ltr'>dell&#39;Epitome,</span> <span class='ocrx_word' id='word_1_258' title='bbox 1989 1468 2066 1491; x_wconf 89' lang='lat' dir='ltr'>non</span> <span class='ocrx_word' id='word_1_259' title='bbox 2085 1457 2123 1492; x_wconf 85' lang='lat' dir='ltr'>di</span> <span class='ocrx_word' id='word_1_260' title='bbox 2141 1467 2218 1493; x_wconf 79' lang='lat' dir='ltr'>una</span> 
     </span>
     <span class='ocr_line' id='line_1_38' title="bbox 366 1506 2270 1568; baseline 0.001 -9"><span class='ocrx_word' id='word_1_261' title='bbox 366 1525 471 1559; x_wconf 82' lang='lat' dir='ltr'>fonte</span> <span class='ocrx_word' id='word_1_262' title='bbox 499 1524 661 1568; x_wconf 88' lang='lat' dir='ltr'>diversa,</span> <span class='ocrx_word' id='word_1_263' title='bbox 681 1524 780 1559; x_wconf 90' lang='lat' dir='ltr'>ossia</span> <span class='ocrx_word' id='word_1_264' title='bbox 799 1524 836 1559; x_wconf 91' lang='lat' dir='ltr'>di</span> <span class='ocrx_word' id='word_1_265' title='bbox 854 1535 929 1559; x_wconf 89' lang='lat' dir='ltr'>una</span> <span class='ocrx_word' id='word_1_266' title='bbox 948 1523 1250 1559; x_wconf 89' lang='lat' dir='ltr'>identificazione</span> <span class='ocrx_word' id='word_1_267' title='bbox 1279 1528 1421 1558; x_wconf 89' lang='lat' dir='ltr'>tentata</span> <span class='ocrx_word' id='word_1_268' title='bbox 1440 1523 1500 1558; x_wconf 91' lang='lat' dir='ltr'>dal</span> <span class='ocrx_word' id='word_1_269' title='bbox 1529 1522 1715 1559; x_wconf 89' lang='lat' dir='ltr'>Panezio:</span> <span class='ocrx_word' id='word_1_270' title='bbox 1737 1535 1815 1558; x_wconf 92' lang='lat' dir='ltr'>non</span> <span class='ocrx_word' id='word_1_271' title='bbox 1842 1534 2001 1558; x_wconf 90' lang='lat' dir='ltr'>occorre</span> <span class='ocrx_word' id='word_1_272' title='bbox 2020 1511 2234 1560; x_wconf 72' lang='lat' dir='ltr'>osservarev</span> <span class='ocrx_word' id='word_1_273' title='bbox 2268 1506 2270 1558; x_wconf 55' lang='lat' dir='ltr'>l</span> 
     </span>
     <span class='ocr_line' id='line_1_39' title="bbox 369 1590 1918 1638; baseline -0.001 -12"><span class='ocrx_word' id='word_1_274' title='bbox 369 1591 438 1626; x_wconf 91' lang='lat' dir='ltr'>che</span> <span class='ocrx_word' id='word_1_275' title='bbox 466 1591 652 1638; x_wconf 89' lang='lat' dir='ltr'>Drogone</span> <span class='ocrx_word' id='word_1_276' title='bbox 679 1591 775 1626; x_wconf 81' lang='lat' dir='ltr'>mori</span> <span class='ocrx_word' id='word_1_277' title='bbox 802 1591 863 1626; x_wconf 91' lang='lat' dir='ltr'>nel</span> <span class='ocrx_word' id='word_1_278' title='bbox 896 1590 1008 1635; x_wconf 87' lang='lat'>1051,</span> <span class='ocrx_word' id='word_1_279' title='bbox 1038 1592 1189 1636; x_wconf 90' lang='lat' dir='ltr'>quando</span> <span class='ocrx_word' id='word_1_280' title='bbox 1217 1590 1374 1625; x_wconf 89' lang='lat' dir='ltr'>Matilde</span> <span class='ocrx_word' id='word_1_281' title='bbox 1403 1602 1497 1625; x_wconf 93' lang='lat' dir='ltr'>avea</span> <span class='ocrx_word' id='word_1_282' title='bbox 1526 1591 1627 1625; x_wconf 90' lang='lat' dir='ltr'>circa</span> <span class='ocrx_word' id='word_1_283' title='bbox 1655 1590 1790 1636; x_wconf 89' lang='lat' dir='ltr'>cinque</span> <span class='ocrx_word' id='word_1_284' title='bbox 1819 1590 1918 1625; x_wconf 90' lang='lat' dir='ltr'>anni.</span> 
     </span>
    </p>

    <p class='ocr_par' dir='ltr' id='par_1_7' title="bbox 367 1651 2239 1838">
     <span class='ocr_line' id='line_1_40' title="bbox 454 1651 2237 1704; baseline 0 -11"><span class='ocrx_word' id='word_1_285' title='bbox 454 1657 521 1693; x_wconf 90' lang='lat' dir='ltr'>Un</span> <span class='ocrx_word' id='word_1_286' title='bbox 549 1656 644 1693; x_wconf 87' lang='lat' dir='ltr'>altro</span> <span class='ocrx_word' id='word_1_287' title='bbox 672 1669 784 1704; x_wconf 89' lang='lat' dir='ltr'>passo</span> <span class='ocrx_word' id='word_1_288' title='bbox 814 1658 883 1693; x_wconf 91' lang='lat' dir='ltr'>che</span> <span class='ocrx_word' id='word_1_289' title='bbox 912 1658 988 1704; x_wconf 71' lang='lat' dir='ltr'>pub</span> <span class='ocrx_word' id='word_1_290' title='bbox 1017 1669 1129 1692; x_wconf 89' lang='lat' dir='ltr'>avere</span> <span class='ocrx_word' id='word_1_291' title='bbox 1147 1669 1224 1703; x_wconf 72' lang='lat' dir='ltr'>,per</span> <span class='ocrx_word' id='word_1_292' title='bbox 1251 1657 1314 1691; x_wconf 93' lang='lat' dir='ltr'>noi</span> <span class='ocrx_word' id='word_1_293' title='bbox 1341 1669 1391 1691; x_wconf 90' lang='lat' dir='ltr'>un</span> <span class='ocrx_word' id='word_1_294' title='bbox 1421 1657 1579 1703; x_wconf 88' lang='lat' dir='ltr'>qualche</span> <span class='ocrx_word' id='word_1_295' title='bbox 1607 1658 1785 1692; x_wconf 88' lang='lat' dir='ltr'>interesse</span> <span class='ocrx_word' id='word_1_296' title='bbox 1813 1658 1834 1692; x_wconf 79' lang='grc' dir='ltr'><strong>ὲ</strong></span> <span class='ocrx_word' id='word_1_297' title='bbox 1852 1657 1888 1692; x_wconf 92' lang='lat' dir='ltr'>la</span> <span class='ocrx_word' id='word_1_298' title='bbox 1915 1657 2080 1693; x_wconf 85' lang='lat' dir='ltr'>violenta</span> <span class='ocrx_word' id='word_1_299' title='bbox 2097 1657 2218 1694; x_wconf 85' lang='lat' dir='ltr'>invet·</span> <span class='ocrx_word' id='word_1_300' title='bbox 2234 1651 2237 1690; x_wconf 65' lang='lat' dir='ltr'>s</span> 
     </span>
     <span class='ocr_line' id='line_1_41' title="bbox 367 1724 2220 1772; baseline 0.001 -13"><span class='ocrx_word' id='word_1_301' title='bbox 367 1725 446 1760; x_wconf 89' lang='lat' dir='ltr'>tiva</span> <span class='ocrx_word' id='word_1_302' title='bbox 474 1731 607 1760; x_wconf 90' lang='lat' dir='ltr'>contro</span> <span class='ocrx_word' id='word_1_303' title='bbox 627 1726 638 1759; x_wconf 95' lang='lat' dir='ltr'>i</span> <span class='ocrx_word' id='word_1_304' title='bbox 658 1725 963 1760; x_wconf 90' lang='lat' dir='ltr'>Commendatari</span> <span class='ocrx_word' id='word_1_305' title='bbox 993 1725 1062 1759; x_wconf 91' lang='lat' dir='ltr'>che</span> <span class='ocrx_word' id='word_1_306' title='bbox 1091 1735 1264 1759; x_wconf 88' lang='lat' dir='ltr'>avevano</span> <span class='ocrx_word' id='word_1_307' title='bbox 1293 1726 1471 1759; x_wconf 86' lang='lat' dir='ltr'>mandato</span> <span class='ocrx_word' id='word_1_308' title='bbox 1503 1725 1542 1758; x_wconf 91' lang='lat' dir='ltr'>in</span> <span class='ocrx_word' id='word_1_309' title='bbox 1562 1725 1695 1760; x_wconf 89' lang='lat' dir='ltr'>rovina</span> <span class='ocrx_word' id='word_1_310' title='bbox 1722 1724 1756 1759; x_wconf 89' lang='lat' dir='ltr'>la</span> <span class='ocrx_word' id='word_1_311' title='bbox 1785 1724 1939 1759; x_wconf 88' lang='lat' dir='ltr'>abbazia</span> <span class='ocrx_word' id='word_1_312' title='bbox 1958 1725 1995 1759; x_wconf 93' lang='lat' dir='ltr'>di</span> <span class='ocrx_word' id='word_1_313' title='bbox 2015 1724 2220 1772; x_wconf 86' lang='lat' dir='ltr'>Pomposa,</span> 
     </span>
     <span class='ocr_line' id='line_1_42' title="bbox 368 1781 2239 1838; baseline -0.001 -10"><span class='ocrx_word' id='word_1_314' title='bbox 368 1794 406 1828; x_wconf 87' lang='lat' dir='ltr'>di</span> <span class='ocrx_word' id='word_1_315' title='bbox 434 1794 494 1829; x_wconf 89' lang='lat' dir='ltr'>cui</span> <span class='ocrx_word' id='word_1_316' title='bbox 522 1794 551 1828; x_wconf 94' lang='lat' dir='ltr'>si</span> <span class='ocrx_word' id='word_1_317' title='bbox 580 1793 780 1828; x_wconf 89' lang='lat' dir='ltr'>ricordano</span> <span class='ocrx_word' id='word_1_318' title='bbox 808 1793 846 1827; x_wconf 92' lang='lat' dir='ltr'>in</span> <span class='ocrx_word' id='word_1_319' title='bbox 873 1792 1097 1838; x_wconf 88' lang='lat' dir='ltr'>particolare</span> <span class='ocrx_word' id='word_1_320' title='bbox 1125 1792 1135 1825; x_wconf 94' lang='lat' dir='ltr'>i</span> <span class='ocrx_word' id='word_1_321' title='bbox 1164 1791 1247 1826; x_wconf 93' lang='lat' dir='ltr'>libri</span> <span class='ocrx_word' id='word_1_322' title='bbox 1275 1791 1433 1826; x_wconf 88' lang='lat' dir='ltr'>raccolti</span> <span class='ocrx_word' id='word_1_323' title='bbox 1461 1791 1660 1826; x_wconf 88' lang='lat' dir='ltr'>dall&#39;abate</span> <span class='ocrx_word' id='word_1_324' title='bbox 1697 1790 1903 1827; x_wconf 83' lang='lat' dir='ltr'>Girolamo.</span> <span class='ocrx_word' id='word_1_325' title='bbox 2238 1781 2239 1784; x_wconf 12' lang='grc' dir='ltr'><strong>Ἴ</strong></span> 
     </span>
    </p>
   </div>
   <div class='ocr_carea' id='block_1_6' title="bbox 370 1869 2235 2448">
    <p class='ocr_par' dir='ltr' id='par_1_8' title="bbox 370 1859 2238 2448">
     <span class='ocr_line' id='line_1_43' title="bbox 457 1869 2231 1915; baseline -0.001 -11"><span class='ocrx_word' id='word_1_326' title='bbox 457 1872 543 1904; x_wconf 84' lang='lat' dir='ltr'>Erat</span> <span class='ocrx_word' id='word_1_327' title='bbox 566 1877 638 1904; x_wconf 87' lang='lat' dir='ltr'>tum</span> <span class='ocrx_word' id='word_1_328' title='bbox 661 1870 803 1904; x_wconf 80' lang='lat' dir='ltr'>maximi</span> <span class='ocrx_word' id='word_1_329' title='bbox 826 1871 921 1913; x_wconf 89' lang='lat' dir='ltr'>apud</span> <span class='ocrx_word' id='word_1_330' title='bbox 943 1870 1050 1903; x_wconf 86' lang='lat' dir='ltr'>Italos</span> <span class='ocrx_word' id='word_1_331' title='bbox 1081 1870 1229 1903; x_wconf 89' lang='lat' dir='ltr'>nominis</span> <span class='ocrx_word' id='word_1_332' title='bbox 1259 1869 1422 1902; x_wconf 88' lang='lat' dir='ltr'>dominus</span> <span class='ocrx_word' id='word_1_333' title='bbox 1446 1869 1681 1914; x_wconf 83' lang='lat' dir='ltr'>Hieronymus</span> <span class='ocrx_word' id='word_1_334' title='bbox 1703 1869 1811 1903; x_wconf 84' lang='lat' dir='ltr'>abbas</span> <span class='ocrx_word' id='word_1_335' title='bbox 1834 1870 2114 1913; x_wconf 73' lang='lat' dir='ltr'>pomposianus..</span> <span class='ocrx_word' id='word_1_336' title='bbox 2128 1893 2159 1903; x_wconf 90' lang='grc'>..</span> <span class='ocrx_word' id='word_1_337' title='bbox 2189 1869 2231 1915; x_wconf 10' lang='lat' dir='ltr'>is?</span> 
     </span>
     <span class='ocr_line' id='line_1_44' title="bbox 370 1922 2234 1967; baseline -0.001 -9"><span class='ocrx_word' id='word_1_338' title='bbox 370 1925 541 1959; x_wconf 85' lang='lat' dir='ltr'>collector</span> <span class='ocrx_word' id='word_1_339' title='bbox 563 1925 631 1958; x_wconf 74' lang='lat' dir='ltr'>fuit</span> <span class='ocrx_word' id='word_1_340' title='bbox 654 1924 817 1958; x_wconf 89' lang='lat' dir='ltr'>codicum</span> <span class='ocrx_word' id='word_1_341' title='bbox 846 1933 1035 1962; x_wconf 83' lang='lat' dir='ltr'>sacrorum,</span> <span class='ocrx_word' id='word_1_342' title='bbox 1066 1923 1192 1967; x_wconf 87' lang='lat' dir='ltr'>quibus</span> <span class='ocrx_word' id='word_1_343' title='bbox 1221 1923 1409 1956; x_wconf 82' lang='lat' dir='ltr'>innumeris</span> <span class='ocrx_word' id='word_1_344' title='bbox 1431 1923 1543 1955; x_wconf 76' lang='lat' dir='ltr'>ferme</span> <span class='ocrx_word' id='word_1_345' title='bbox 1568 1929 1604 1956; x_wconf 88' lang='lat' dir='ltr'>et</span> <span class='ocrx_word' id='word_1_346' title='bbox 1634 1932 1744 1966; x_wconf 88' lang='lat' dir='ltr'>usque</span> <span class='ocrx_word' id='word_1_347' title='bbox 1767 1923 1813 1955; x_wconf 86' lang='lat' dir='ltr'>ad</span> <span class='ocrx_word' id='word_1_348' title='bbox 1844 1929 2020 1966; x_wconf 84' lang='lat' dir='ltr'>stuporem</span> <span class='ocrx_word' id='word_1_349' title='bbox 2041 1922 2234 1963; x_wconf 76' lang='lat' dir='ltr'>hominum¹</span> 
     </span>
     <span class='ocr_line' id='line_1_45' title="bbox 370 1975 2221 2022; baseline -0.001 -10"><span class='ocrx_word' id='word_1_350' title='bbox 370 1978 620 2022; x_wconf 83' lang='lat' dir='ltr'>copiosissimis</span> <span class='ocrx_word' id='word_1_351' title='bbox 642 1978 827 2011; x_wconf 86' lang='lat' dir='ltr'>armarium</span> <span class='ocrx_word' id='word_1_352' title='bbox 851 1977 1122 2020; x_wconf 85' lang='lat' dir='ltr'>Pomposianum</span> <span class='ocrx_word' id='word_1_353' title='bbox 1147 1977 1291 2009; x_wconf 84' lang='lat' dir='ltr'>ornavit.</span> <span class='ocrx_word' id='word_1_354' title='bbox 1337 1976 1409 2009; x_wconf 90' lang='lat' dir='ltr'>Sed</span> <span class='ocrx_word' id='word_1_355' title='bbox 1432 1982 1527 2009; x_wconf 81' lang='lat' dir='ltr'>tanta</span> <span class='ocrx_word' id='word_1_356' title='bbox 1550 1976 1616 2009; x_wconf 86' lang='lat' dir='ltr'>viri</span> <span class='ocrx_word' id='word_1_357' title='bbox 1640 1976 1848 2009; x_wconf 85' lang='lat' dir='ltr'>sanctissimi</span> <span class='ocrx_word' id='word_1_358' title='bbox 1872 1976 2055 2021; x_wconf 81' lang='lat' dir='ltr'>diligentia</span> <span class='ocrx_word' id='word_1_359' title='bbox 2084 1975 2221 2010; x_wconf 70' lang='lat' dir='ltr'>incuria</span> 
     </span>
     <span class='ocr_line' id='line_1_46' title="bbox 372 2028 2219 2074; baseline -0.001 -10"><span class='ocrx_word' id='word_1_360' title='bbox 372 2032 744 2070; x_wconf 83' lang='lat' dir='ltr'>Commanducatorum,</span> <span class='ocrx_word' id='word_1_361' title='bbox 767 2041 853 2074; x_wconf 88' lang='lat' dir='ltr'>quos</span> <span class='ocrx_word' id='word_1_362' title='bbox 876 2040 968 2062; x_wconf 89' lang='lat' dir='ltr'>nunc</span> <span class='ocrx_word' id='word_1_363' title='bbox 992 2037 1137 2063; x_wconf 79' lang='lat' dir='ltr'>aeterno</span> <span class='ocrx_word' id='word_1_364' title='bbox 1162 2040 1281 2063; x_wconf 88' lang='lat' dir='ltr'>eorum</span> <span class='ocrx_word' id='word_1_365' title='bbox 1306 2030 1397 2062; x_wconf 86' lang='lat' dir='ltr'>malo</span> <span class='ocrx_word' id='word_1_366' title='bbox 1431 2029 1741 2062; x_wconf 79' lang='lat' dir='ltr'>Commendatarios</span> <span class='ocrx_word' id='word_1_367' title='bbox 1772 2029 1997 2072; x_wconf 82' lang='lat' dir='ltr'>appellamus,</span> <span class='ocrx_word' id='word_1_368' title='bbox 2027 2028 2219 2072; x_wconf 73' lang='lat' dir='ltr'>dissipavit.</span> 
     </span>
     <span class='ocr_line' id='line_1_47' title="bbox 370 2079 2235 2126; baseline -0.001 -8"><span class='ocrx_word' id='word_1_369' title='bbox 370 2085 473 2119; x_wconf 90' lang='lat' dir='ltr'>Adeo</span> <span class='ocrx_word' id='word_1_370' title='bbox 496 2085 625 2118; x_wconf 78' lang='lat' dir='ltr'>furtiva</span> <span class='ocrx_word' id='word_1_371' title='bbox 647 2094 780 2124; x_wconf 88' lang='lat' dir='ltr'>manus,</span> <span class='ocrx_word' id='word_1_372' title='bbox 804 2084 859 2116; x_wconf 93' lang='lat' dir='ltr'>vel</span> <span class='ocrx_word' id='word_1_373' title='bbox 876 2084 988 2116; x_wconf 85' lang='lat' dir='ltr'>caries</span> <span class='ocrx_word' id='word_1_374' title='bbox 1004 2083 1145 2116; x_wconf 90' lang='lat' dir='ltr'>codices</span> <span class='ocrx_word' id='word_1_375' title='bbox 1168 2084 1346 2116; x_wconf 84' lang='lat' dir='ltr'>maiestate</span> <span class='ocrx_word' id='word_1_376' title='bbox 1361 2083 1486 2126; x_wconf 88' lang='lat' dir='ltr'>plenos</span> <span class='ocrx_word' id='word_1_377' title='bbox 1501 2083 1592 2116; x_wconf 88' lang='lat' dir='ltr'>sicut</span> <span class='ocrx_word' id='word_1_378' title='bbox 1616 2088 1734 2115; x_wconf 88' lang='lat' dir='ltr'>cetera</span> <span class='ocrx_word' id='word_1_379' title='bbox 1751 2083 1964 2126; x_wconf 85' lang='lat' dir='ltr'>consumpsit</span> <span class='ocrx_word' id='word_1_380' title='bbox 1986 2088 2047 2116; x_wconf 84' lang='lat' dir='ltr'>aut</span> <span class='ocrx_word' id='word_1_381' title='bbox 2069 2079 2235 2117; x_wconf 64' lang='lat' dir='ltr'>abstulit-3</span> 
     </span>
     <span class='ocr_line' id='line_1_48' title="bbox 374 2136 2226 2182; baseline -0.001 -10"><span class='ocrx_word' id='word_1_382' title='bbox 374 2139 537 2173; x_wconf 88' lang='lat' dir='ltr'>Viderint</span> <span class='ocrx_word' id='word_1_383' title='bbox 559 2148 704 2182; x_wconf 87' lang='lat' dir='ltr'>quorum</span> <span class='ocrx_word' id='word_1_384' title='bbox 728 2138 872 2170; x_wconf 84' lang='lat' dir='ltr'>interest</span> <span class='ocrx_word' id='word_1_385' title='bbox 895 2148 1000 2180; x_wconf 90' lang='lat' dir='ltr'>quum</span> <span class='ocrx_word' id='word_1_386' title='bbox 1021 2142 1101 2180; x_wconf 86' lang='lat' dir='ltr'>post</span> <span class='ocrx_word' id='word_1_387' title='bbox 1132 2138 1222 2170; x_wconf 90' lang='lat' dir='ltr'>hanc</span> <span class='ocrx_word' id='word_1_388' title='bbox 1246 2137 1352 2169; x_wconf 85' lang='lat' dir='ltr'>vitam</span> <span class='ocrx_word' id='word_1_389' title='bbox 1386 2147 1452 2180; x_wconf 91' lang='lat' dir='ltr'>que</span> <span class='ocrx_word' id='word_1_390' title='bbox 1476 2147 1546 2170; x_wconf 88' lang='lat' dir='ltr'>non</span> <span class='ocrx_word' id='word_1_391' title='bbox 1575 2136 1711 2180; x_wconf 83' lang='lat' dir='ltr'>longior</span> <span class='ocrx_word' id='word_1_392' title='bbox 1743 2142 1804 2175; x_wconf 84' lang='lat' dir='ltr'>est,</span> <span class='ocrx_word' id='word_1_393' title='bbox 1836 2136 1932 2169; x_wconf 85' lang='lat' dir='ltr'>ultor</span> <span class='ocrx_word' id='word_1_394' title='bbox 1961 2136 2226 2179; x_wconf 73' lang='lat' dir='ltr'>potentissimus</span> 
     </span>
     <span class='ocr_line' id='line_1_49' title="bbox 371 2189 2230 2238; baseline -0.001 -14"><span class='ocrx_word' id='word_1_395' title='bbox 371 2193 424 2225; x_wconf 87' lang='lat' dir='ltr'>rei</span> <span class='ocrx_word' id='word_1_396' title='bbox 447 2202 530 2224; x_wconf 84' lang='lat' dir='ltr'>suae</span> <span class='ocrx_word' id='word_1_397' title='bbox 553 2198 622 2224; x_wconf 87' lang='lat' dir='ltr'>tam</span> <span class='ocrx_word' id='word_1_398' title='bbox 646 2191 866 2235; x_wconf 87' lang='lat' dir='ltr'>negligenter</span> <span class='ocrx_word' id='word_1_399' title='bbox 887 2190 1159 2228; x_wconf 86' lang='lat' dir='ltr'>administratae,</span> <span class='ocrx_word' id='word_1_400' title='bbox 1182 2196 1218 2222; x_wconf 91' lang='lat' dir='ltr'>et</span> <span class='ocrx_word' id='word_1_401' title='bbox 1239 2190 1275 2222; x_wconf 92' lang='lat' dir='ltr'>in</span> <span class='ocrx_word' id='word_1_402' title='bbox 1298 2190 1464 2223; x_wconf 88' lang='lat' dir='ltr'>scelestes</span> <span class='ocrx_word' id='word_1_403' title='bbox 1486 2200 1567 2222; x_wconf 88' lang='lat' dir='ltr'>usus</span> <span class='ocrx_word' id='word_1_404' title='bbox 1590 2195 1815 2232; x_wconf 85' lang='lat' dir='ltr'>consumptae</span> <span class='ocrx_word' id='word_1_405' title='bbox 1839 2189 1995 2223; x_wconf 86' lang='lat' dir='ltr'>districte</span> <span class='ocrx_word' id='word_1_406' title='bbox 2011 2189 2065 2222; x_wconf 89' lang='lat' dir='ltr'>ins</span> <span class='ocrx_word' id='word_1_407' title='bbox 2088 2189 2230 2238; x_wconf 54' lang='lat' dir='ltr'>exiget?</span> 
     </span>
     <span class='ocr_line' id='line_1_50' title="bbox 374 2242 2228 2290; baseline -0.002 -12"><span class='ocrx_word' id='word_1_408' title='bbox 374 2252 410 2279; x_wconf 88' lang='lat' dir='ltr'>et</span> <span class='ocrx_word' id='word_1_409' title='bbox 433 2246 574 2290; x_wconf 89' lang='lat' dir='ltr'>quidem</span> <span class='ocrx_word' id='word_1_410' title='bbox 606 2256 627 2277; x_wconf 91' lang='lat' dir='ltr'>a</span> <span class='ocrx_word' id='word_1_411' title='bbox 656 2244 857 2277; x_wconf 81' lang='lat' dir='ltr'>viventibus</span> <span class='ocrx_word' id='word_1_412' title='bbox 886 2244 991 2277; x_wconf 87' lang='lat' dir='ltr'>etiam</span> <span class='ocrx_word' id='word_1_413' title='bbox 1022 2244 1139 2287; x_wconf 86' lang='lat' dir='ltr'>exigit,</span> <span class='ocrx_word' id='word_1_414' title='bbox 1163 2243 1447 2287; x_wconf 84' lang='lat' dir='ltr'>quandoquidem</span> <span class='ocrx_word' id='word_1_415' title='bbox 1478 2243 1636 2276; x_wconf 88' lang='lat' dir='ltr'>videmus</span> <span class='ocrx_word' id='word_1_416' title='bbox 1658 2243 1790 2275; x_wconf 88' lang='lat' dir='ltr'>nullum</span> <span class='ocrx_word' id='word_1_417' title='bbox 1814 2244 1936 2276; x_wconf 90' lang='lat' dir='ltr'>horum</span> <span class='ocrx_word' id='word_1_418' title='bbox 1966 2242 2179 2276; x_wconf 80' lang='lat' dir='ltr'>insaciabili·</span> <span class='ocrx_word' id='word_1_419' title='bbox 2198 2260 2228 2274; x_wconf 28' lang='lat' dir='ltr'>u,</span> 
     </span>
     <span class='ocr_line' id='line_1_51' title="bbox 374 2297 2232 2342; baseline -0.002 -9"><span class='ocrx_word' id='word_1_420' title='bbox 374 2298 798 2340; x_wconf 73' lang='lat' dir='ltr'>commendatarariorum‚</span> <span class='ocrx_word' id='word_1_421' title='bbox 814 2304 996 2342; x_wconf 86' lang='lat' dir='ltr'>postquam</span> <span class='ocrx_word' id='word_1_422' title='bbox 1019 2297 1070 2330; x_wconf 89' lang='lat' dir='ltr'>sic</span> <span class='ocrx_word' id='word_1_423' title='bbox 1086 2297 1190 2341; x_wconf 88' lang='lat' dir='ltr'>vulgo</span> <span class='ocrx_word' id='word_1_424' title='bbox 1207 2297 1382 2335; x_wconf 89' lang='lat' dir='ltr'>dicuntur,</span> <span class='ocrx_word' id='word_1_425' title='bbox 1398 2298 1459 2330; x_wconf 88' lang='lat' dir='ltr'>sed</span> <span class='ocrx_word' id='word_1_426' title='bbox 1475 2297 1632 2330; x_wconf 90' lang='lat' dir='ltr'>dicamus</span> <span class='ocrx_word' id='word_1_427' title='bbox 1647 2297 1764 2339; x_wconf 86' lang='lat' dir='ltr'>potius</span> <span class='ocrx_word' id='word_1_428' title='bbox 1786 2297 2101 2330; x_wconf 81' lang='lat' dir='ltr'>ecclesiasticarum</span> <span class='ocrx_word' id='word_1_429' title='bbox 2117 2306 2165 2340; x_wconf 86' lang='lat' dir='ltr'>op</span> <span class='ocrx_word' id='word_1_430' title='bbox 2185 2312 2212 2324; x_wconf 57' lang='grc' dir='ltr'>ιιι</span> <span class='ocrx_word' id='word_1_431' title='bbox 2229 2310 2232 2318; x_wconf 67' lang='grc'><strong>’</strong></span> 
     </span>
     <span class='ocr_line' id='line_1_52' title="bbox 375 2341 2229 2394; baseline -0.002 -9"><span class='ocrx_word' id='word_1_432' title='bbox 375 2353 739 2386; x_wconf 78' lang='lat' dir='ltr'>commanducatorum</span> <span class='ocrx_word' id='word_1_433' title='bbox 752 2356 787 2384; x_wconf 89' lang='lat' dir='ltr'>et</span> <span class='ocrx_word' id='word_1_434' title='bbox 799 2357 1080 2394; x_wconf 87' lang='lat' dir='ltr'>consumptorum</span> <span class='ocrx_word' id='word_1_435' title='bbox 1097 2350 1223 2383; x_wconf 86' lang='lat' dir='ltr'>bonam</span> <span class='ocrx_word' id='word_1_436' title='bbox 1239 2356 1384 2383; x_wconf 87' lang='lat' dir='ltr'>mortem</span> <span class='ocrx_word' id='word_1_437' title='bbox 1404 2349 1502 2382; x_wconf 90' lang='lat' dir='ltr'>obire</span> <span class='ocrx_word' id='word_1_438' title='bbox 1516 2355 1582 2383; x_wconf 85' lang='lat' dir='ltr'>etc.</span> <span class='ocrx_word' id='word_1_439' title='bbox 1597 2351 1715 2393; x_wconf 71' lang='lat' dir='ltr'>(segue</span> <span class='ocrx_word' id='word_1_440' title='bbox 1725 2361 1770 2382; x_wconf 90' lang='lat' dir='ltr'>un</span> <span class='ocrx_word' id='word_1_441' title='bbox 1782 2350 1893 2382; x_wconf 79' lang='lat' dir='ltr'>elenco</span> <span class='ocrx_word' id='word_1_442' title='bbox 1908 2350 1948 2382; x_wconf 77' lang='lat' dir='ltr'>di</span> <span class='ocrx_word' id='word_1_443' title='bbox 1959 2349 2066 2383; x_wconf 74' lang='lat' dir='ltr'>morti</span> <span class='ocrx_word' id='word_1_444' title='bbox 2076 2341 2229 2394; x_wconf 50' lang='lat' dir='ltr'>disp*</span> 
     </span>
     <span class='ocr_line' id='line_1_53' title="bbox 374 2404 708 2448; baseline 0 -10"><span class='ocrx_word' id='word_1_445' title='bbox 374 2406 475 2444; x_wconf 71' lang='lat' dir='ltr'>zz&#39;ezte,</span> <span class='ocrx_word' id='word_1_446' title='bbox 497 2416 556 2448; x_wconf 90' lang='lat' dir='ltr'>pp.</span> <span class='ocrx_word' id='word_1_447' title='bbox 583 2404 708 2447; x_wconf 86' lang='lat'><strong>71-72).</strong></span> 
     </span>
    </p>
   </div>
   <div class='ocr_carea' id='block_1_7' title="bbox 374 2501 2282 3019">
    <p class='ocr_par' dir='ltr' id='par_1_9' title="bbox 374 2501 2282 3019">
     <span class='ocr_line' id='line_1_54' title="bbox 462 2501 2280 2554; baseline -0.001 -14"><span class='ocrx_word' id='word_1_448' title='bbox 462 2505 725 2541; x_wconf 88' lang='lat' dir='ltr'>Chiaramente</span> <span class='ocrx_word' id='word_1_449' title='bbox 753 2504 918 2540; x_wconf 87' lang='lat' dir='ltr'>Panezio</span> <span class='ocrx_word' id='word_1_450' title='bbox 947 2516 1042 2540; x_wconf 88' lang='lat' dir='ltr'>avea</span> <span class='ocrx_word' id='word_1_451' title='bbox 1070 2505 1169 2539; x_wconf 90' lang='lat' dir='ltr'>visto</span> <span class='ocrx_word' id='word_1_452' title='bbox 1206 2504 1378 2548; x_wconf 87' lang='lat' dir='ltr'>l&#39;elenco,</span> <span class='ocrx_word' id='word_1_453' title='bbox 1417 2504 1606 2538; x_wconf 88' lang='lat' dir='ltr'>ricordato</span> <span class='ocrx_word' id='word_1_454' title='bbox 1644 2514 1768 2550; x_wconf 88' lang='lat' dir='ltr'>sopra,</span> <span class='ocrx_word' id='word_1_455' title='bbox 1806 2503 1903 2539; x_wconf 86' lang='lat' dir='ltr'>della</span> <span class='ocrx_word' id='word_1_456' title='bbox 1939 2502 2150 2539; x_wconf 90' lang='lat' dir='ltr'>Biblioteca</span> <span class='ocrx_word' id='word_1_457' title='bbox 2185 2501 2226 2542; x_wconf 77' lang='lat' dir='ltr'>di</span> <span class='ocrx_word' id='word_1_458' title='bbox 2278 2545 2280 2554; x_wconf 34' lang='grc' dir='ltr'>ι</span> 
     </span>
     <span class='ocr_line' id='line_1_55' title="bbox 378 2567 2281 2620; baseline -0.003 -12"><span class='ocrx_word' id='word_1_459' title='bbox 378 2572 570 2619; x_wconf 88' lang='lat' dir='ltr'>Pomposa</span> <span class='ocrx_word' id='word_1_460' title='bbox 598 2573 657 2608; x_wconf 93' lang='lat' dir='ltr'>del</span> <span class='ocrx_word' id='word_1_461' title='bbox 692 2572 803 2616; x_wconf 82' lang='lat'>1093,</span> <span class='ocrx_word' id='word_1_462' title='bbox 834 2573 903 2607; x_wconf 92' lang='lat' dir='ltr'>che</span> <span class='ocrx_word' id='word_1_463' title='bbox 930 2571 951 2606; x_wconf 80' lang='grc' dir='ltr'>ὲ</span> <span class='ocrx_word' id='word_1_464' title='bbox 979 2572 1117 2607; x_wconf 90' lang='lat' dir='ltr'>diretto</span> <span class='ocrx_word' id='word_1_465' title='bbox 1146 2569 1318 2607; x_wconf 87' lang='lat' dir='ltr'>all&#39;abate</span> <span class='ocrx_word' id='word_1_466' title='bbox 1348 2571 1556 2606; x_wconf 90' lang='lat' dir='ltr'>Girolamo.</span> <span class='ocrx_word' id='word_1_467' title='bbox 1613 2571 1652 2605; x_wconf 96' lang='lat' dir='ltr'>A</span> <span class='ocrx_word' id='word_1_468' title='bbox 1670 2571 1866 2617; x_wconf 90' lang='lat' dir='ltr'>proposito</span> <span class='ocrx_word' id='word_1_469' title='bbox 1885 2581 2033 2616; x_wconf 89' lang='lat' dir='ltr'>sempre</span> <span class='ocrx_word' id='word_1_470' title='bbox 2051 2570 2089 2606; x_wconf 92' lang='lat' dir='ltr'>di</span> <span class='ocrx_word' id='word_1_471' title='bbox 2107 2569 2230 2606; x_wconf 74' lang='lat' dir='ltr'>Pom]</span> <span class='ocrx_word' id='word_1_472' title='bbox 2278 2567 2281 2620; x_wconf 50' lang='grc' dir='ltr'><em>ᾗ</em></span> 
     </span>
     <span class='ocr_line' id='line_1_56' title="bbox 374 2637 2211 2687; baseline -0.002 -12"><span class='ocrx_word' id='word_1_473' title='bbox 374 2651 468 2686; x_wconf 88' lang='lat' dir='ltr'>posa</span> <span class='ocrx_word' id='word_1_474' title='bbox 496 2639 516 2674; x_wconf 81' lang='grc' dir='ltr'>ὲ</span> <span class='ocrx_word' id='word_1_475' title='bbox 544 2640 748 2684; x_wconf 86' lang='lat' dir='ltr'>ricordato,</span> <span class='ocrx_word' id='word_1_476' title='bbox 767 2639 804 2673; x_wconf 93' lang='lat' dir='ltr'>in</span> <span class='ocrx_word' id='word_1_477' title='bbox 832 2638 1080 2686; x_wconf 85' lang='lat' dir='ltr'>un’aggiunta</span> <span class='ocrx_word' id='word_1_478' title='bbox 1098 2638 1316 2687; x_wconf 89' lang='lat' dir='ltr'>marginale,</span> <span class='ocrx_word' id='word_1_479' title='bbox 1345 2638 1369 2672; x_wconf 92' lang='lat' dir='ltr'>il</span> <span class='ocrx_word' id='word_1_480' title='bbox 1388 2638 1569 2673; x_wconf 88' lang='lat' dir='ltr'>miraeolo</span> <span class='ocrx_word' id='word_1_481' title='bbox 1598 2638 1635 2672; x_wconf 92' lang='lat' dir='ltr'>di</span> <span class='ocrx_word' id='word_1_482' title='bbox 1664 2637 1702 2673; x_wconf 91' lang='lat' dir='ltr'>S.</span> <span class='ocrx_word' id='word_1_483' title='bbox 1725 2637 1871 2673; x_wconf 87' lang='lat' dir='ltr'>Guid0:</span> <span class='ocrx_word' id='word_1_484' title='bbox 1902 2637 2022 2672; x_wconf 88' lang='lat' dir='ltr'>anche</span> <span class='ocrx_word' id='word_1_485' title='bbox 2050 2641 2184 2684; x_wconf 82' lang='lat' dir='ltr'>questo</span> <span class='ocrx_word' id='word_1_486' title='bbox 2207 2675 2211 2678; x_wconf 83' lang='lat'><strong>.</strong></span> 
     </span>
     <span class='ocr_line' id='line_1_57' title="bbox 376 2703 2281 2752; baseline 0 -12"><span class='ocrx_word' id='word_1_487' title='bbox 376 2718 427 2740; x_wconf 93' lang='lat' dir='ltr'>un</span> <span class='ocrx_word' id='word_1_488' title='bbox 447 2706 610 2752; x_wconf 91' lang='lat' dir='ltr'>esempio</span> <span class='ocrx_word' id='word_1_489' title='bbox 630 2706 690 2741; x_wconf 93' lang='lat' dir='ltr'>del</span> <span class='ocrx_word' id='word_1_490' title='bbox 717 2708 832 2740; x_wconf 90' lang='lat' dir='ltr'>modo</span> <span class='ocrx_word' id='word_1_491' title='bbox 853 2718 927 2741; x_wconf 90' lang='lat' dir='ltr'>con</span> <span class='ocrx_word' id='word_1_492' title='bbox 947 2706 1007 2741; x_wconf 93' lang='lat' dir='ltr'>cui</span> <span class='ocrx_word' id='word_1_493' title='bbox 1030 2706 1049 2740; x_wconf 80' lang='grc' dir='ltr'>ὲ</span> <span class='ocrx_word' id='word_1_494' title='bbox 1071 2710 1267 2752; x_wconf 88' lang='lat' dir='ltr'>composta</span> <span class='ocrx_word' id='word_1_495' title='bbox 1294 2705 1449 2752; x_wconf 84' lang='lat' dir='ltr'>l&#39;opera,</span> <span class='ocrx_word' id='word_1_496' title='bbox 1478 2705 1586 2751; x_wconf 91' lang='lat' dir='ltr'>piena</span> <span class='ocrx_word' id='word_1_497' title='bbox 1605 2705 1642 2740; x_wconf 91' lang='lat' dir='ltr'>di</span> <span class='ocrx_word' id='word_1_498' title='bbox 1661 2705 1799 2752; x_wconf 87' lang='lat' dir='ltr'>lunghe</span> <span class='ocrx_word' id='word_1_499' title='bbox 1818 2703 2041 2752; x_wconf 90' lang='lat' dir='ltr'>digressioni</span> <span class='ocrx_word' id='word_1_500' title='bbox 2060 2703 2228 2740; x_wconf 42' lang='lat' dir='ltr'>storicha</span> <span class='ocrx_word' id='word_1_501' title='bbox 2280 2728 2281 2749; x_wconf 54' lang='lat'>;</span> 
     </span>
     <span class='ocr_line' id='line_1_58' title="bbox 377 2770 2230 2821; baseline -0.002 -13"><span class='ocrx_word' id='word_1_502' title='bbox 377 2784 397 2807; x_wconf 90' lang='lat' dir='ltr'>e</span> <span class='ocrx_word' id='word_1_503' title='bbox 425 2773 694 2820; x_wconf 88' lang='lat' dir='ltr'>genealogiche</span> <span class='ocrx_word' id='word_1_504' title='bbox 714 2785 781 2820; x_wconf 92' lang='lat' dir='ltr'>per</span> <span class='ocrx_word' id='word_1_505' title='bbox 798 2773 835 2808; x_wconf 94' lang='lat' dir='ltr'>lo</span> <span class='ocrx_word' id='word_1_506' title='bbox 854 2773 916 2820; x_wconf 76' lang='lat' dir='ltr'>piu</span> <span class='ocrx_word' id='word_1_507' title='bbox 937 2773 1106 2808; x_wconf 88' lang='lat' dir='ltr'>inesatte.</span> <span class='ocrx_word' id='word_1_508' title='bbox 1146 2773 1418 2808; x_wconf 91' lang='lat' dir='ltr'>Concludendo</span> <span class='ocrx_word' id='word_1_509' title='bbox 1447 2773 1466 2806; x_wconf 77' lang='grc' dir='ltr'>ὲ</span> <span class='ocrx_word' id='word_1_510' title='bbox 1486 2772 1669 2819; x_wconf 81' lang='lat' dir='ltr'>un’opera</span> <span class='ocrx_word' id='word_1_511' title='bbox 1698 2771 1765 2807; x_wconf 89' lang='lat' dir='ltr'>che</span> <span class='ocrx_word' id='word_1_512' title='bbox 1783 2783 1860 2806; x_wconf 92' lang='lat' dir='ltr'>non</span> <span class='ocrx_word' id='word_1_513' title='bbox 1877 2770 1925 2806; x_wconf 93' lang='lat' dir='ltr'>ha</span> <span class='ocrx_word' id='word_1_514' title='bbox 1945 2771 2072 2806; x_wconf 86' lang='lat' dir='ltr'>valore</span> <span class='ocrx_word' id='word_1_515' title='bbox 2091 2770 2139 2806; x_wconf 72' lang='lat' dir='ltr'>ne</span> <span class='ocrx_word' id='word_1_516' title='bbox 2157 2781 2202 2818; x_wconf 87' lang='lat' dir='ltr'>p</span> <span class='ocrx_word' id='word_1_517' title='bbox 2222 2779 2230 2821; x_wconf 59' lang='grc' dir='ltr'>ζζ</span> 
     </span>
     <span class='ocr_line' id='line_1_59' title="bbox 376 2836 2282 2886; baseline 0.001 -14"><span class='ocrx_word' id='word_1_518' title='bbox 376 2838 410 2872; x_wconf 88' lang='lat' dir='ltr'>la</span> <span class='ocrx_word' id='word_1_519' title='bbox 439 2840 553 2874; x_wconf 87' lang='lat' dir='ltr'>storia</span> <span class='ocrx_word' id='word_1_520' title='bbox 582 2840 619 2874; x_wconf 91' lang='lat' dir='ltr'>di</span> <span class='ocrx_word' id='word_1_521' title='bbox 647 2839 817 2883; x_wconf 90' lang='lat' dir='ltr'>Matilde,</span> <span class='ocrx_word' id='word_1_522' title='bbox 846 2841 893 2875; x_wconf 73' lang='lat' dir='ltr'>ne</span> <span class='ocrx_word' id='word_1_523' title='bbox 922 2851 988 2886; x_wconf 91' lang='lat' dir='ltr'>per</span> <span class='ocrx_word' id='word_1_524' title='bbox 1015 2840 1051 2874; x_wconf 95' lang='lat' dir='ltr'>lo</span> <span class='ocrx_word' id='word_1_525' title='bbox 1081 2840 1204 2874; x_wconf 89' lang='lat' dir='ltr'>studio</span> <span class='ocrx_word' id='word_1_526' title='bbox 1242 2839 1445 2885; x_wconf 90' lang='lat' dir='ltr'>dell’opera</span> <span class='ocrx_word' id='word_1_527' title='bbox 1474 2839 1510 2873; x_wconf 92' lang='lat' dir='ltr'>di</span> <span class='ocrx_word' id='word_1_528' title='bbox 1547 2839 1765 2874; x_wconf 90' lang='lat' dir='ltr'>Donizone:</span> <span class='ocrx_word' id='word_1_529' title='bbox 1796 2839 1872 2884; x_wconf 78' lang='lat' dir='ltr'>pub</span> <span class='ocrx_word' id='word_1_530' title='bbox 1909 2838 2054 2872; x_wconf 90' lang='lat' dir='ltr'>servire</span> <span class='ocrx_word' id='word_1_531' title='bbox 2090 2836 2172 2872; x_wconf 91' lang='lat' dir='ltr'>solo</span> <span class='ocrx_word' id='word_1_532' title='bbox 2222 2866 2227 2872; x_wconf 81' lang='lat'>.</span> <span class='ocrx_word' id='word_1_533' title='bbox 2280 2871 2282 2873; x_wconf 90' lang='lat'>.</span> 
     </span>
     <span class='ocr_line' id='line_1_60' title="bbox 375 2893 2225 2951; baseline 0 -12"><span class='ocrx_word' id='word_1_534' title='bbox 375 2910 557 2940; x_wconf 83' lang='lat' dir='ltr'>mostrare</span> <span class='ocrx_word' id='word_1_535' title='bbox 585 2906 694 2951; x_wconf 88' lang='lat' dir='ltr'>quale</span> <span class='ocrx_word' id='word_1_536' title='bbox 714 2906 936 2942; x_wconf 84' lang='lat' dir='ltr'>confusione</span> <span class='ocrx_word' id='word_1_537' title='bbox 955 2918 975 2942; x_wconf 91' lang='lat' dir='ltr'>e</span> <span class='ocrx_word' id='word_1_538' title='bbox 995 2918 1151 2942; x_wconf 91' lang='lat' dir='ltr'>assenza</span> <span class='ocrx_word' id='word_1_539' title='bbox 1169 2907 1206 2941; x_wconf 93' lang='lat' dir='ltr'>di</span> <span class='ocrx_word' id='word_1_540' title='bbox 1226 2906 1356 2941; x_wconf 90' lang='lat' dir='ltr'>critica</span> <span class='ocrx_word' id='word_1_541' title='bbox 1375 2906 1413 2941; x_wconf 92' lang='lat' dir='ltr'>vi</span> <span class='ocrx_word' id='word_1_542' title='bbox 1434 2917 1497 2941; x_wconf 91' lang='lat' dir='ltr'>era</span> <span class='ocrx_word' id='word_1_543' title='bbox 1517 2906 1554 2940; x_wconf 90' lang='lat' dir='ltr'>in</span> <span class='ocrx_word' id='word_1_544' title='bbox 1587 2905 1742 2941; x_wconf 88' lang='lat' dir='ltr'>materia</span> <span class='ocrx_word' id='word_1_545' title='bbox 1761 2905 1798 2940; x_wconf 93' lang='lat' dir='ltr'>di</span> <span class='ocrx_word' id='word_1_546' title='bbox 1818 2904 1933 2940; x_wconf 87' lang='lat' dir='ltr'>storia</span> <span class='ocrx_word' id='word_1_547' title='bbox 1953 2904 2073 2940; x_wconf 90' lang='lat' dir='ltr'>anche</span> <span class='ocrx_word' id='word_1_548' title='bbox 2092 2915 2189 2951; x_wconf 90' lang='lat' dir='ltr'>pre</span> <span class='ocrx_word' id='word_1_549' title='bbox 2206 2893 2225 2931; x_wconf 51' lang='grc' dir='ltr'>αἶ</span> 
     </span>
     <span class='ocr_line' id='line_1_61' title="bbox 378 2971 1309 3019; baseline 0.002 -14"><span class='ocrx_word' id='word_1_550' title='bbox 378 2971 412 3006; x_wconf 90' lang='lat' dir='ltr'>le</span> <span class='ocrx_word' id='word_1_551' title='bbox 441 2972 648 3007; x_wconf 88' lang='lat' dir='ltr'>cosiddette</span> <span class='ocrx_word' id='word_1_552' title='bbox 676 2985 837 3019; x_wconf 92' lang='lat' dir='ltr'>persone</span> <span class='ocrx_word' id='word_1_553' title='bbox 866 2973 963 3008; x_wconf 92' lang='lat' dir='ltr'>colte</span> <span class='ocrx_word' id='word_1_554' title='bbox 991 2973 1029 3008; x_wconf 90' lang='lat' dir='ltr'>di</span> <span class='ocrx_word' id='word_1_555' title='bbox 1057 2973 1141 3019; x_wconf 92' lang='lat' dir='ltr'>quel</span> <span class='ocrx_word' id='word_1_556' title='bbox 1170 2973 1309 3009; x_wconf 83' lang='lat' dir='ltr'>secolo.</span> 
     </span>
    </p>
   </div>
  </div>
 </body>
</html>
