2288 3476
407 200 557 237 XXXII
1160 199 1498 237 PREFAZIONE

405 323 650 356 nobillissimos
672 323 904 360 marchiones;
931 328 966 355 et
987 329 1176 365 posuerunt
1199 323 1389 355 exercitum
1420 333 1518 355 suum
1539 323 1575 355 in
1600 321 1761 360 Cuvillo;
1787 328 1838 355 est
1862 322 2009 366 quedam
2034 323 2116 356 villa
2140 333 2250 367 prope

406 377 556 420 Regium
581 388 644 419 per
666 386 771 409 unum
794 376 952 414 milliare,
976 376 1033 408 via
1055 386 1124 418 qua
1147 376 1216 407 itur
1239 376 1479 409 Bibianellum.
1526 376 1628 408 Tunc
1652 376 1764 408 dictus
1795 376 1991 409 Bonifatius
2013 386 2172 420 agressus
2196 382 2248 409 est

403 431 603 468 exercitum,
627 435 749 462 contra
774 440 875 472 quem
899 429 1009 462 milles
1033 428 1173 472 quidam
1197 439 1241 461 ex
1263 429 1475 462 adversariis
1498 439 1585 462 voce
1608 428 1751 461 teribilli
1775 439 1933 473 agressus
1957 436 2008 462 est
2031 430 2167 469 ducem,
2191 430 2249 462 cui

407 484 477 515 dux
499 493 567 515 uno
591 483 664 515 ictu
687 482 876 524 amputavit
899 488 1013 524 caput,
1037 493 1080 513 ex
1103 482 1200 514 cuius
1224 482 1481 524 decapitatione
1514 492 1659 526 magnus
1689 482 1791 514 timor
1821 483 1946 515 invasit
1977 483 2180 522 exercitum,
2202 483 2251 516 ita

405 536 499 579 quod
524 536 635 568 omnis
660 535 825 578 fugiebat.
872 535 974 567 Tunc
999 535 1071 567 dux
1095 534 1289 567 Bonifatius
1312 535 1455 568 multum
1487 535 1652 578 fatigatus
1676 535 1809 567 destitit
1832 546 1876 578 ap
1899 537 2090 579 sequendo,
2113 536 2156 568 de
2181 546 2251 579 quo

406 599 525 621 omnes
546 589 655 633 gavisi
679 595 767 621 sunt.
814 590 972 631 Cumque
996 588 1045 620 sic
1069 594 1209 627 starent,
1235 598 1319 620 ecce
1345 588 1502 621 dominus
1518 588 1675 621 Coradus
1690 588 1776 620 exiit
1801 598 1943 620 nemora
1960 599 2036 621 cum
2054 589 2252 633 quingentis

405 643 498 675 ferre
522 642 694 680 militibus,
719 647 753 674 et
777 643 979 675 confortans
1001 642 1144 674 fratrem
1168 641 1204 673 in
1227 641 1385 674 inimicos
1408 642 1583 685 fugientes
1605 642 1777 684 persecuti
1803 648 1891 680 sunt,
1916 643 2010 676 etde
2026 643 2076 675 eis
2091 653 2251 686 magnam

405 696 526 728 cedem
551 696 721 733 fecerunt,
746 702 780 727 et
802 701 900 728 tanta
923 695 989 727 fuit
1012 694 1141 728 ibidem
1165 696 1304 738 sanguis
1320 695 1444 734 efusio,
1467 695 1562 738 quod
1585 696 1666 737 equi
1681 706 1790 738 usque
1807 697 1853 728 ad
1877 695 1978 728 tibias
2001 695 2098 728 ibant
2117 696 2154 728 in
2177 706 2254 728 san-

405 749 509 792 guine
533 749 738 781 occisorum.
763 748 918 792 Cumque
943 748 1044 781 ambo
1068 748 1220 781 victores
1242 755 1501 781 reverterentur
1526 749 1568 781 de
1593 748 1714 790 prelio,
1742 749 1879 791 aparuit
1902 749 1972 781 dux
1995 749 2156 782 Coradus
2176 749 2252 782 vul-

404 809 554 839 neratus,
578 802 637 844 qui
660 802 813 845 Regium
837 802 1040 844 deportatus
1055 808 1089 834 et
1104 812 1126 833 a
1141 802 1286 834 medicis
1311 802 1425 834 curari
1443 802 1549 844 cepit,
1565 808 1599 834 et
1616 802 1803 839 convaluit,
1827 802 1890 834 sed
1913 803 2037 834 malam
2061 803 2252 836 custodiam
2278 803 2288 836 1

404 854 473 887 cibi
496 861 530 887 et
552 860 654 897 potus
678 855 892 893 recidivavit,
917 855 998 898 quia
1021 862 1176 888 mortuus
1201 861 1262 887 est.
1307 855 1411 887 Tunc
1435 854 1504 888 dux
1520 855 1714 888 Bonifatius
1730 866 1807 888 cum
1832 855 2024 888 sollenitate
2049 855 2152 887 nimia
2174 866 2252 899 pre-

403 908 548 940 latorum
574 908 782 941 clericorum
813 915 848 940 et
871 908 1051 947 nobilium,
1076 908 1208 941 deferri
1233 918 1311 941 eum
1336 909 1423 942 feeit
1453 915 1487 941 et
1510 908 1648 951 sepeliri
1671 909 1708 940 in
1732 909 1920 942 Canusium
1947 909 1984 940 in
2008 908 2167 951 sepulcro
2190 919 2252 952 pa·
2277 903 2288 938 s

404 967 493 994 trum
515 972 664 995 suorum.
711 962 795 994 Erat
819 962 911 994 enim
935 967 1019 994 tunc
1041 962 1207 1004 temporis
1232 972 1307 994 xxx
1332 973 1499 995 annorum
1523 962 1637 995 dictus
1660 962 1827 995 Coradus.

494 1014 563 1047 Isti
582 1019 660 1047 sunt
682 1016 744 1058 qui
763 1016 874 1047 iacent
895 1016 931 1047 in
958 1014 1101 1048 canusa.
1147 1015 1191 1048 A.

493 1069 661 1101 Dominus
684 1069 770 1101 Atto
794 1069 853 1112 qui
875 1069 960 1102 obiit
982 1080 1073 1102 anno
1096 1070 1130 1102 d.
1221 1069 1298 1101 idus
1311 1069 1499 1112 freburaii.
2273 1063 2288 1106 1

490 1122 660 1154 Dominus
682 1122 887 1155 Thedaldus
911 1122 998 1155 obiit
1022 1133 1113 1155 anno
1137 1123 1171 1155 d.
1217 1123 1284 1155 viii
1304 1123 1379 1155 idus
1402 1123 1520 1156 madii.
2269 1115 2271 1119 ¹

492 1176 660 1208 Dominus
683 1176 860 1209 Rodulfus
881 1186 974 1208 anno
1000 1176 1033 1208 d.
1079 1180 1156 1208 ante
1178 1176 1352 1208 kallendas
1373 1176 1529 1219 augusti.

491 1230 657 1262 Dominus
680 1230 854 1263 Corradus
877 1241 909 1262 a.
934 1230 967 1263 d.
1080 1230 1136 1262 die
1157 1230 1203 1262 iii
1222 1230 1321 1262 iullii.

491 1283 640 1316 Domina
662 1283 864 1327 Ildelgarda
888 1293 977 1316 anno
1001 1284 1035 1316 d.
1082 1283 1182 1316 tertio
1205 1284 1288 1324 ydus
1308 1284 1518 1327 septembris,
1541 1285 1665 1326 absque
1684 1285 1844 1328 parvulis
1867 1284 2040 1328 utriusque
2060 1295 2161 1317 sexus
2173 1285 2196 1317 ¹.

492 1337 660 1369 Dominus
682 1337 754 1369 dux
776 1342 811 1368 et
834 1337 989 1369 marchio
1013 1336 1208 1369 Bonifatius
1231 1337 1352 1370 habuit
1375 1337 1460 1370 duas
1483 1347 1619 1374 uxores,
1642 1337 1755 1379 prima
1777 1343 1903 1370 vocata
1925 1343 1978 1370 est
1994 1337 2168 1371 Richelda
2182 1337 2252 1371 filia
2280 1349 2287 1383 ᾖ

404 1390 590 1423 Giselberti
613 1390 792 1432 principis,
817 1400 862 1422 ex
886 1390 950 1423 ista
972 1391 1108 1432 recepit
1134 1400 1277 1433 magnas
1301 1390 1452 1422 divitias.
1498 1390 1568 1423 Ista
1591 1390 1692 1423 valde
1716 1391 1922 1429 misericors,
1946 1397 1982 1423 et
2011 1400 2057 1423 ex
2092 1392 2161 1424 ista
2183 1401 2254 1424 non

402 1444 553 1486 suscepit
575 1443 720 1487 prolem.
767 1443 837 1476 Ista
867 1443 1007 1476 domina
1038 1449 1174 1476 mortua
1204 1449 1256 1475 est
1279 1449 1314 1476 et
1345 1443 1480 1486 sepulta
1504 1444 1539 1475 in
1571 1443 1652 1476 villa
1684 1443 1836 1487 Nogarie
1860 1455 1927 1487 que
1952 1450 2005 1477 est
2027 1444 2062 1476 in
2087 1444 2254 1478 comitatu
2272 1440 2280 1490 4

579 1498 586 1505 ι
2278 1490 2285 1504 l

406 1507 599 1530 veronensi.
2272 1536 2279 1541 ἱ

494 1550 658 1583 Secundo
683 1551 781 1583 duxit
804 1550 840 1582 in
870 1561 1015 1583 uxorem
1047 1551 1223 1583 dominam
1255 1550 1450 1583 Beatricem
1484 1550 1614 1583 dictam
1645 1550 1839 1590 Mafildam,
1871 1550 1974 1584 filiam
2005 1551 2130 1584 nobilis
2152 1550 2254 1584 ducis
2277 1559 2282 1585 ‘2

402 1603 582 1636 Frederici
607 1614 710 1647 quam
734 1604 900 1647 cognovit
923 1603 1036 1636 dictus
1059 1604 1278 1642 Fredericus,
1303 1603 1442 1646 quando
1467 1603 1625 1636 dominus
1650 1603 1845 1636 Bonifatius
1868 1604 1930 1636 ivit
1944 1604 1979 1636 in
2005 1604 2171 1638 Galliam:
2193 1603 2254 1637 ubi

405 1657 442 1689 in
473 1658 587 1690 cuntis
618 1663 757 1690 strenue
788 1668 825 1690 se
855 1657 988 1698 habuit,
1019 1657 1078 1700 qui
1108 1657 1316 1690 Fredericus
1347 1663 1500 1690 mortuus
1532 1657 1635 1689 filiam
1666 1668 1762 1689 suam
1794 1658 1957 1691 heredem
1990 1657 2187 1702 dereliquid
2215 1658 2279 1695 in.

404 1710 561 1743 omnibus
584 1711 654 1743 suis
678 1710 789 1743 bonis.
836 1710 936 1742 Hanc
953 1711 1113 1743 dominus
1136 1709 1331 1742 Bonifatius
1347 1711 1484 1753 accepit
1499 1711 1535 1742 in
1551 1720 1695 1742 uxorem
1713 1716 1747 1742 et
1763 1711 1826 1743 ivit
1849 1717 1962 1743 autem
1984 1711 2031 1743 ad
2055 1711 2252 1745 ducendum
2271 1728 2285 1755 5·

405 1774 480 1796 eam
505 1770 539 1797 et
562 1764 650 1796 fecit
672 1764 798 1796 ferrari
820 1774 929 1806 equos
954 1764 998 1796 de
1022 1769 1165 1807 argento
1189 1770 1224 1796 et
1246 1763 1357 1796 noluit
1373 1764 1466 1806 quod
1483 1763 1574 1796 clavi
1590 1769 1903 1806 repercuterentur.
1949 1764 2158 1798 Notandum.
2203 1763 2255 1798 Ut

404 1817 433 1849 si
455 1818 623 1850 caderent
645 1817 767 1860 populi
790 1817 967 1850 civitatum
990 1823 1131 1860 possent
1154 1828 1195 1849 ea
1216 1817 1385 1859 recipere.
1430 1816 1590 1850 Audiens
1613 1823 1727 1849 autem
1744 1818 1809 1849 hec
1827 1817 1968 1850 domina
1983 1818 2125 1851 Beatrix
2140 1818 2275 1851 statim*

406 1876 485 1903 ante
508 1870 602 1914 quod
625 1881 701 1903 eam
725 1870 879 1909 duceret,
903 1870 1045 1903 donavit
1068 1870 1134 1903 sibi
1156 1871 1271 1903 omnia
1293 1881 1354 1902 sua
1378 1870 1469 1902 bona
1491 1877 1526 1902 et
1548 1871 1624 1912 ipsa
1648 1870 1740 1902 enim
1764 1876 1838 1903 erat
1860 1870 2040 1904 ditissima.
2085 1871 2131 1904 Et
2157 1871 2255 1904 duxit
2276 1886 2281 1924 ‘z

406 1934 482 1956 eam
504 1925 539 1956 in
563 1924 764 1967 episcopatu
787 1929 983 1963 mantuano,
1007 1924 1044 1956 in
1059 1924 1141 1956 villa
1157 1933 1224 1967 que
1250 1923 1380 1956 dicitur
1403 1924 1556 1966 Namgo,
1579 1924 1639 1956 ubi
1663 1923 1775 1957 tenuit
1799 1925 1929 1956 curiam
1945 1935 2007 1966 per
2022 1930 2092 1958 tres
2107 1935 2254 1964 menses,
2271 1955 2276 1969 ,Α

409 1984 444 2010 et
465 1983 564 2011 tanta
586 1977 655 2010 fuit
684 1977 733 2011 ibi
764 1978 866 2020 copia
888 1977 1088 2010 victualium
1111 1978 1206 2020 quod
1236 1977 1421 2010 videbatur
1452 1988 1541 2010 unus
1572 1978 1705 2010 fluvius.
1751 1978 1863 2010 Erant
1891 1977 1941 2010 ibi
1972 1978 2040 2011 duo
2071 1978 2179 2021 putei,
2209 1988 2254 2010 ex
2264 1974 2277 2021 ξ

406 2042 474 2064 uno
496 2032 720 2065 hauriebatur
742 2032 860 2064 vinum
882 2042 925 2064 ex
941 2031 1010 2063 alio
1026 2042 1126 2074 aqua,
1142 2031 1179 2063 in
1194 2031 1261 2063 hiis
1283 2030 1487 2073 pendebant
1512 2031 1612 2063 situle
1638 2037 1803 2075 argentee
1819 2041 1897 2063 cum
1914 2031 2046 2064 catenis
2061 2031 2266 2075 argenteis&

405 2085 548 2118 scutelle
573 2091 608 2118 et
630 2085 797 2117 incisoria
823 2090 923 2117 erant
945 2085 989 2117 de
1021 2090 1178 2128 argento,
1201 2084 1291 2126 siphi
1316 2085 1359 2116 de
1390 2094 1490 2116 auro:
1515 2084 1573 2116 hic
1605 2090 1703 2116 erant
1734 2085 1849 2117 omnia
1872 2095 2001 2128 genera
2030 2085 2251 2118 musicorum.

406 2139 461 2171 Ex
482 2139 548 2171 ista
571 2139 712 2171 domina
734 2138 874 2171 Batrice
898 2139 1050 2180 suscepit
1073 2137 1206 2180 prolem
1230 2137 1343 2170 silicet
1366 2148 1471 2170 unum
1494 2137 1613 2176 filium,
1639 2149 1741 2180 quem
1766 2139 1904 2170 vocavit
1930 2138 2168 2178 Fredericum,
2191 2137 2251 2181 qui

405 2198 560 2225 mortuus
576 2192 680 2225 estin
695 2192 873 2224 iuventute
897 2192 941 2224 de
957 2201 1027 2234 quo
1049 2190 1216 2223 maximus
1240 2191 1341 2223 dolor
1356 2197 1390 2223 et
1412 2191 1561 2234 gemitus
1583 2190 1659 2223 fuit.
1706 2191 1758 2223 Ita
1769 2191 1889 2224 habuit
1912 2202 1955 2224 ex
1971 2202 2014 2224 ea
2028 2202 2131 2224 unam
2146 2191 2263 2226 filiam,

409 2256 476 2289 que
498 2251 626 2278 vocata
647 2251 700 2278 est
722 2244 886 2277 Matildis.
933 2245 1002 2277 Ista
1025 2244 1276 2277 assimilabatur
1299 2244 1410 2282 matri,
1434 2245 1498 2277 sed
1520 2245 1629 2286 patris
1651 2246 1804 2277 colorem
1829 2245 1978 2277 retinuit.
2025 2245 2095 2278 Ista
2118 2249 2170 2278 est
2191 2245 2266 2284 illa,

406 2298 594 2332 benedicta
616 2298 770 2331 Matildis
793 2309 860 2341 que
884 2298 973 2331 fecit
995 2297 1168 2330 mirabiles
1190 2308 1246 2330 res
1261 2303 1295 2329 et
1311 2297 1509 2340 specialiter
1531 2298 1565 2329 in
1581 2297 1829 2330 Lumbardiam
1846 2303 1881 2330 et
1897 2303 2062 2341 quantum
2078 2298 2124 2330 ad
2138 2297 2275 2331 eccle-c

407 2352 492 2384 siam
515 2358 550 2385 et
573 2358 740 2395 quantum
764 2352 810 2383 ad
832 2351 1041 2384 monasteria
1064 2357 1099 2383 et
1121 2356 1286 2394 quantum
1310 2351 1356 2383 ad
1379 2356 1514 2392 pontes.
1561 2351 1650 2383 Nam
1673 2357 1710 2383 ut
1734 2351 1851 2384 audivi
1876 2351 1946 2383 dici
1969 2352 2046 2394 ipsa
2068 2350 2155 2384 feeit
2177 2347 2263 2390 fieri

407 2405 591 2438 ecclesiam
616 2405 783 2437 maiorem
806 2405 842 2436 in
864 2404 990 2436 Parma
1011 2410 1045 2436 et
1067 2404 1103 2435 in
1126 2404 1309 2441 Cremona,
1333 2404 1410 2446 ipsa
1433 2405 1499 2436 fuit
1523 2404 1771 2447 propugnatrix
1795 2410 1914 2436 sancte
1937 2414 2078 2437 romane
2101 2400 2261 2437 ecclesie?

406 2464 444 2491 ut
465 2459 502 2491 in
525 2458 678 2492 secundo
702 2458 790 2491 libro
815 2457 909 2490 clare
933 2457 1075 2500 patebit.
1121 2457 1289 2490 Dominus
1311 2468 1403 2500 papa
1425 2457 1462 2489 in
1484 2457 1552 2489 suis
1575 2457 1697 2490 litteris
1721 2456 1922 2500 appellabat
1946 2467 2021 2490 eam
2038 2457 2143 2490 filiam
2159 2456 2259 2491 beau

407 2511 516 2545 Petri.

497 2619 693 2663 Capitulum
718 2618 767 2651 X.
814 2618 859 2650 In
881 2618 996 2651 diebus
1017 2618 1087 2650 illis
1114 2617 1289 2650 Corandus
1311 2617 1445 2661 primus
1467 2628 1531 2650 rex
1553 2618 1678 2650 obsedit
1702 2618 1879 2650 Parmam.
1925 2617 2022 2649 Nota
2044 2617 2085 2649 dc
2107 2617 2273 2664 Parma-gf

408 2671 501 2704 Nota
523 2672 617 2715 quod
641 2670 766 2704 Parma
789 2671 883 2704 dicta
906 2671 974 2704 fuit
996 2671 1187 2714 Crisopolis
1217 2670 1253 2703 id
1276 2677 1329 2703 est
1352 2671 1472 2703 civitas
1503 2681 1617 2710 aurea,
1641 2682 1721 2703 nam
1744 2671 1779 2702 in
1802 2681 1842 2702 ea
1865 2670 1974 2713 viguit
1997 2662 2273 2712 studium·13pe-¹>

408 2725 543 2758 cialiter
557 2725 764 2768 gramatice:
783 2730 817 2758 et
833 2723 958 2757 Petrus
973 2724 1160 2757 Damianus
1176 2724 1236 2767 qui
1252 2724 1471 2767 postmodum
1487 2724 1555 2756 fuit
1570 2724 1827 2766 probatissimus
1850 2723 2025 2761 heremita,
2041 2723 2108 2756 fuit
2124 2723 2265 2756 deinde>

406 2778 590 2811 hostiensis
613 2778 798 2821 episcopus
821 2783 855 2811 et
878 2777 1077 2816 cardinalis,
1100 2778 1231 2810 studuit
1252 2778 1478 2821 gramaticam
1501 2778 1537 2809 in
1562 2782 1718 2810 contrata
1750 2777 1860 2810 sancti
1891 2776 2046 2809 Gervasii
2069 2775 2114 2809 de
2137 2776 2231 2820 capit
2239 2783 2265 2814 ις

502 2905 509 2920 ¹
529 2907 563 2931 D.
583 2907 620 2931 ha
640 2909 724 2939 posto
743 2907 892 2939 Ildegarda
912 2907 1004 2940 prima
1025 2905 1125 2940 perche
1145 2908 1238 2932 morta
1258 2907 1304 2930 nel
1359 2906 1453 2938 quella
1473 2907 1500 2930 di
1521 2906 1655 2931 Richilda
1675 2906 1725 2930 che
1746 2906 1840 2938 segue)
1862 2907 1891 2929 in
1911 2907 2058 2930 conti-asto
2075 2912 2129 2929 con
2142 2904 2188 2930 cio
2201 2892 2275 2929 cli-*¹¹

412 2949 490 2973 sabat
508 2957 524 2973 ο
542 2950 682 2981 germaio:
701 2951 748 2981 qui
770 2948 980 2981 l’epitomatore
994 2950 1029 2974 ha
1043 2950 1141 2982 capito
1156 2949 1306 2974 settembre
1359 2949 1395 2972 ha
1414 2948 1494 2973 detto
1514 2950 1613 2981 prima.
1650 2948 1758 2972 Inoltre
1777 2948 1812 2972 ha
1831 2954 1940 2971 omesso
1959 2946 2072 2972 Guillia
2092 2947 2120 2971 la
2146 2946 2234 2979 mogll

413 2997 428 3014 e
446 2990 502 3015 l’ha
520 2997 609 3015 messa
628 2991 730 3016 ultima
755 2991 968 3016 attribuendole
994 2999 1049 3016 una
1075 2989 1199 3015 sternit&
1219 2990 1306 3023 (forse
1361 2991 1390 3015 di
1410 2991 1539 3015 Tedaldo
1559 2991 1703 3015 ricordata
1723 2991 1757 3015 da
1777 2991 1811 3014 D.
1831 2990 1858 3014 al
1880 2996 1912 3023 ²9
1932 2992 2041 3022 agusto.
