2288 3476
27 202 89 282 ·ξς
113 235 152 265 ιι
172 236 368 270 mas-111⁵]
624 228 875 266 H1sToR1A
902 229 1334 266 MEDIOLANENSIS
1845 233 1893 267 23

25 356 27 365 ’
86 351 91 357 ⁷
127 361 208 395 doni
232 360 448 404 Falcimario,
473 362 638 395 creditori
659 372 747 403 meo,
772 372 835 405 pro
859 372 912 395 me
935 361 1033 395 dedit
1055 361 1273 404 peccuniam3
1299 372 1364 394 nec
1387 367 1503 394 tamen
1525 361 1652 394 indulsi
1676 361 1719 401 ei,
1742 372 1843 405 quam
1859 362 1894 394 in

46 439 47 443 ,
142 415 238 454 fecit,
262 414 442 453 offensam,
465 415 527 447 sed
550 425 639 458 equo
662 415 777 447 animo
808 415 952 448 sustinui
981 414 1085 447 illam.
1134 413 1227 453 Quia
1249 421 1320 447 turn
1345 425 1443 447 enses
1466 420 1502 447 et
1525 414 1647 447 lancee
1672 415 1896 455 acuebantur,

44 506 45 509 Ἴ
88 487 90 493 .
135 467 341 500 adveniente
366 468 572 507 Grosulano,
593 469 667 510 ipse
691 468 735 501 ab
759 468 1050 511 archiepiscopali
1075 468 1157 500 sede
1189 468 1371 512 ejceretur,
1402 468 1560 499 nimirum
1590 468 1617 500 si
1648 478 1702 501 me
1733 468 1895 502 humilem

108 521 228 554 olitum
251 520 414 565 neglexit,
438 527 472 553 et
495 521 722 564 presbiterum
748 520 981 564 Ariprandum
998 521 1196 561 paliarium,
1212 522 1324 553 virum
1340 520 1404 553 sibi
1422 521 1684 554 convenientem
1701 527 1735 554 et
1750 522 1784 553 in
1801 522 1895 555 bello

88 579 250 612 tentem,
273 574 465 617 assumpsit.
512 575 556 607 Et
578 581 679 618 prout
695 575 900 618 quibusdam
917 576 1044 617 placet,
1060 584 1128 606 non
1144 574 1250 607 debet
1266 584 1339 606 esse
1356 574 1552 613 absurdum,
1569 575 1663 617 quod
1680 575 1895 613 Gulielmus,'

85 626 271 670 ιιιειίιῑιὶΗει
293 626 409 666 abbas,
432 628 500 660 hoc
523 627 558 659 in
581 634 747 670 tempore,
769 627 952 660 subridens
974 633 1008 659 et
1030 627 1222 660 condolens
1245 627 1289 659 de
1312 627 1376 659 hiis
1399 627 1536 659 casibus
1552 628 1758 660 clericorum
1773 628 1888 671 ponti·
1963 644 1982 660 c.
1997 640 2045 664 σῃ

85 683 164 713 'um
186 679 334 712 militum
356 686 391 712 et
413 681 551 719 civium,
575 681 729 713 deseruit
751 680 863 713 sancti
887 679 1062 713 Ambrosii
1092 680 1345 719 monasterium,
1369 685 1405 712 et
1426 681 1517 712 rexit
1539 686 1573 713 et
1603 682 1694 725 regit
1724 681 1896 714 abbatiam

106 733 261 766 nasterii
283 733 393 766 sancti
416 733 598 772 Solutoris‚
622 739 852 768 constructam
876 734 910 765 in
936 734 1138 776 episcopatu
1167 734 1439 766 Taurinensium.
1487 733 1594 771 Quod
1615 734 1644 766 si
1666 741 1700 767 et
1732 745 1798 778 ego
1828 745 1896 768 non

76 786 252 829 ncupivi
275 797 339 829 per
362 787 452 820 illius
475 787 634 820 Yordani
656 798 776 819 manus
798 788 843 820 ad
866 787 1134 820 subdiaconatus
1156 788 1300 830 gradum
1324 787 1533 829 promoveri,
1559 788 1734 820 convicini
1750 788 1817 821 mei
1834 798 1897 820 cur

96 850 127 872 -r
147 839 221 883 ejus
243 840 483 873 auctoritatem
506 846 788 883 presumpserunt
811 851 864 872 me
888 840 1071 873 exturbare
1095 840 1139 872 ab
1163 840 1315 873 ecclesia
1338 840 1459 873 Sancti
1481 839 1592 880 Pauli,
1615 851 1681 884 que
1706 847 1757 874 est
1779 841 1897 874 titulus

75 892 289 926 'diuationis
311 893 415 926 mee?
438 893 483 926 Et
507 894 668 926 Andreas
690 893 880 937 Sugaliola‚
904 894 972 937 qui,
988 894 1015 925 si
1033 893 1202 936 presbiter
1226 899 1288 933 est,
1312 893 1514 936 plebeianus
1530 900 1591 932 est,
1608 905 1676 937 quo
1691 896 1766 939 jure
1783 900 1898 938 potest

62 956 173 991 psam
198 958 309 979 meam
324 947 507 980 ecclesiam
524 947 727 991 possidere?
751 948 896 990 Insuper
912 958 1031 980 manus
1047 947 1121 991 ejus
1138 958 1200 979 cur
1215 957 1293 980 ossa
1310 952 1492 989 parentum
1507 958 1661 980 meorum
1684 949 1729 981 de
1752 949 1893 991 proprio

63 1017 77 1036 2·
87 1005 192 1039 ostro,
215 1010 284 1032 non
307 1010 379 1039 suo,
402 1001 590 1043 sepulchro
613 1001 763 1045 projecit
786 1008 820 1034 et
842 1011 940 1034 suum
963 1007 1134 1033 mortuum
1164 1001 1200 1032 in
1222 1001 1335 1043 ipsum
1358 1000 1501 1043 posuit?
1526 1001 1689 1034 Preterea
1720 1002 1896 1046 Sugaliola

61 1053 120 1087 ⁸³le
144 1054 304 1087 Andreas
327 1054 459 1094 domos,
484 1065 634 1097 campos,
657 1060 767 1098 prata,
790 1055 919 1093 vineas,
944 1054 1047 1087 silvas
1070 1060 1104 1086 et
1127 1054 1206 1086 allia
1229 1054 1346 1092 multa,
1370 1063 1436 1096 que
1459 1054 1526 1086 mei
1551 1055 1683 1097 proprii
1706 1055 1789 1088 iuris
1818 1062 1896 1089 sunt

65 1117 167 1140 mare
190 1113 342 1150 usurpat,
365 1108 484 1141 vendit
507 1114 543 1141 et
566 1108 722 1141 alienat?
747 1108 823 1140 Hoc
847 1108 988 1151 quidem
1010 1107 1038 1139 si
1061 1108 1122 1140 ille
1145 1108 1287 1152 ejusque
1310 1118 1430 1139 manus
1452 1108 1596 1152 ejusque
1626 1115 1787 1141 auctores
1816 1109 1896 1142 reli-

55 1171 73 1201 g-
97 1170 156 1193 ose
181 1167 215 1194 et
237 1161 489 1194 rationabiliter
511 1161 687 1200 fecissent,
710 1161 983 1204 defensoresque
1006 1171 1100 1194 meos
1123 1162 1151 1193 si
1173 1163 1264 1204 juste
1287 1166 1467 1193 cecassent
1490 1166 1523 1193 et
1547 1161 1770 1200 decidissent,
1801 1173 1896 1196 meos

59 1213 201 1247 :uidem
225 1214 344 1247 oculos
368 1224 525 1247 eruerem
546 1220 581 1248 et
611 1215 823 1257 sepulturam
846 1215 1020 1247 intrarem.
1067 1214 1138 1247 Sed
1167 1225 1211 1246 ne
1242 1214 1381 1252 moriar,
1411 1214 1500 1246 sicut
1530 1214 1581 1246 illi
1612 1215 1679 1246 mei
1704 1216 1895 1248 adversarii

54 1266 255 1300 moriuntur
278 1273 312 1299 et
333 1267 458 1300 mortui
481 1273 570 1305 sunt,
592 1267 695 1300 valde
719 1267 862 1299 multum
886 1267 1105 1300 descideravi
1129 1273 1164 1299 et
1187 1265 1382 1305 descidem,
1405 1272 1444 1299 ut
1467 1267 1516 1299 hii
1539 1267 1597 1310 qui
1614 1267 1728 1301 adhuc
1742 1267 1751 1285 ¹
1777 1269 1895 1302 vivere

32 1334 35 1337 ·
58 1333 74 1344 ι·
84 1319 236 1360 identur,
251 1331 272 1352 a
285 1320 371 1353 solle
384 1320 515 1363 justitie
532 1320 821 1358 illuminarentur3
838 1326 876 1353 ut
892 1320 1039 1363 depulsa
1054 1320 1327 1353 scismaticorum
1344 1326 1378 1353 et
1394 1321 1707 1363 superstitiosorum
1723 1322 1895 1365 superbia,

52 1374 61 1398 ἰ
77 1379 226 1416 pernant
249 1384 386 1406 suorum
411 1380 589 1407 auctorum
612 1374 800 1415 mendatia‚
823 1379 926 1417 atque
950 1373 1097 1418 diligant
1119 1379 1153 1405 et
1177 1379 1318 1406 teneant
1345 1384 1446 1417 quam
1471 1373 1590 1416 optimi
1614 1374 1731 1418 regis²
1755 1375 1895 1419 eiusque

31 1466 35 1468 ,
53 1426 56 1433 ’
71 1427 236 1460 »ontificis
258 1427 461 1471 patrocinia.

149 1525 202 1557 38.
227 1543 267 1548 -
292 1525 332 1557 In
357 1531 514 1568 augusto,
536 1525 596 1569 qui
618 1525 685 1558 fuit
708 1513 850 1558 octabus
873 1525 1002 1557 mensis
1025 1525 1068 1558 ab
1091 1525 1163 1563 illo,
1186 1524 1222 1557 in
1245 1535 1313 1568 quo
1336 1525 1507 1568 presbiter
1529 1525 1728 1568 Liprandus
1751 1527 1831 1570 obit,
1859 1529 1895 1560 in

79 1584 128 1612 to
151 1579 243 1611 enim
268 1589 385 1611 mense
408 1583 443 1610 et
467 1578 681 1611 Grosulanus
703 1590 724 1610 a
746 1578 973 1612 Yerosolimis
1002 1578 1117 1618 rediit,
1147 1585 1184 1612 et
1210 1578 1328 1621 prius⁸
1359 1585 1440 1621 post
1470 1580 1582 1622 legem
1614 1579 1743 1612 factam
1775 1581 1819 1613 de
1851 1591 1893 1614 eo

27 1631 204 1675 gnitam
227 1631 372 1664 intravit
393 1631 643 1665 Mediolanum.
689 1631 810 1675 Ibique
834 1639 915 1664 tunc
938 1633 984 1664 ad
1007 1632 1132 1672 locum,
1155 1631 1213 1664 ubi
1237 1637 1376 1664 sanctus
1406 1632 1533 1665 Victor
1563 1639 1760 1666 carceratus
1791 1634 1858 1667 fuit
1870 1634 1894 1673 ⁴,

47 1693 140 1727 [suos
161 1684 299 1718 labores
321 1695 468 1728 suosque
491 1684 685 1718 thesauros'
707 1685 945 1719 sacerdotibus
966 1690 1001 1718 et
1024 1686 1117 1728 viris,
1141 1696 1227 1728 quos
1257 1686 1322 1719 sibi
1350 1685 1517 1729 putabant
1541 1687 1661 1719 fideles
1684 1687 1885 1730 explicavit;
1961 1699 2036 1726 Mum,
2051 1701 2091 1726 496

27 1742 96 1771 et
116 1738 327 1781 explicando
349 1738 483 1770 induxit
511 1738 769 1781 benignitatem,
793 1749 860 1781 qua
883 1738 981 1781 pavit
1004 1745 1037 1771 et
1067 1739 1181 1771 induit
1212 1739 1426 1778 Yordanum,
1458 1750 1560 1783 quem
1590 1740 1725 1773 fecerat
1755 1741 1895 1774 subdia-

50 1780 198 1825 =>conum.
243 1791 437 1824 Videbatur
460 1792 562 1824 etiam
586 1792 714 1824 instare
739 1793 903 1824 adversus
925 1793 1127 1825 Yordanum
1151 1803 1193 1826 eo
1217 1793 1312 1837 quod
1335 1792 1487 1831 dicebat,
1508 1804 1586 1825 eum
1609 1793 1674 1826 sibi
1704 1794 1834 1838 jurasse
1861 1802 1895 1828 et

52 1844 246 1888 dejerasse.
293 1844 399 1883 Quod
423 1846 524 1878 fortis
540 1850 575 1878 et
590 1846 707 1878 valida
722 1846 823 1879 turba
846 1846 1004 1880 Yordani
1026 1857 1096 1879 non
1113 1847 1288 1884 sustinuit3
1306 1847 1367 1879 sed
1384 1847 1565 1890 assumptis
1582 1848 1694 1886 armis,
1710 1849 1893 1881 maximum

45 1894 222 1933 insultum
245 1898 280 1930 in
305 1898 535 1931 Grosulanum
558 1899 654 1931 fecit.
701 1899 812 1941 Ipsius
828 1906 940 1932 autem
957 1900 1143 1933 Grosulani
1168 1906 1309 1933 caterva
1331 1900 1483 1943 undique
1507 1910 1730 1940 concurrens,
1746 1902 1894 1935 ferendo

55 1954 96 1986 “et
125 1951 310 1985 inferendo
341 1951 607 1991 vulnerationes,
639 1952 889 1986 orbitationes*
920 1959 955 1986 et
985 1954 1181 1986 occisiones
1211 1953 1335 1986 multas
1364 1953 1400 1986 in
1431 1954 1528 1997 equis
1559 1960 1593 1987 et
1622 1955 1657 1987 in
1688 1956 1895 1995 hominibus,

23 1994 199 2043 fiortiter
221 2011 257 2038 et
279 2006 468 2048 prudenter
489 2005 601 2047 ipsum
627 2005 858 2039 Grosulanum
881 2016 944 2049 per
967 2007 1165 2050 quindecim
1190 2008 1266 2039 dies
1289 2007 1324 2039 in
1348 2007 1498 2040 turribus
1529 2008 1572 2040 de
1602 2014 1703 2051 porta
1733 2009 1894 2042 Romana

20 2061 31 2103 J
51 2056 209 2091 ‘servavit
221 2057 244 2090 ⁶.
290 2058 428 2090 Interea
452 2059 637 2091 Anselmus
659 2059 703 2091 de
726 2059 882 2092 Pusterla
904 2060 949 2092 ad
973 2060 1155 2093 ecclesiam
1180 2060 1290 2093 sancti
1312 2061 1493 2104 Johannis,
1517 2072 1583 2104 que
1599 2062 1725 2095 dicitur
1742 2064 1787 2095 ad
1803 2063 1895 2096 Con-

48 2111 162 2144 ·cham
173 2110 197 2150 ⁷,
221 2111 339 2144 audita
361 2117 488 2155 strage,
511 2112 623 2149 venit3
645 2117 680 2144 et
701 2112 737 2144 in
763 2114 935 2151 contione,
959 2123 1027 2156 que
1049 2114 1096 2146 ibi
1120 2113 1300 2146 tenebatur
1323 2124 1367 2146 ex
1391 2120 1488 2156 parte
1512 2114 1707 2153 Grosulani,
1725 2115 1896 2158 loquutus,

63 2165 163 2207 plura
186 2164 370 2204 consuluit,
393 2171 431 2197 ut
452 2166 642 2208 pernitiosa
664 2166 725 2198 illa
746 2166 853 2208 pestis
876 2173 1035 2205 cessaret,
1060 2173 1242 2199 etcertum
1268 2167 1380 2200 locum
1405 2174 1602 2211 certumque
1618 2174 1754 2212 tempus
1768 2176 1895 2203 statue-

22 2209 49 2264 ἶ)
63 2223 151 2256 rent,
175 2223 210 2251 et
232 2228 296 2260 per
317 2218 528 2262 legiptimam
553 2225 589 2252 et
609 2219 806 2263 generalem
836 2220 996 2253 sinodum
1022 2227 1259 2260 conoscerent‚
1291 2222 1388 2265 cujus
1416 2232 1519 2254 causa
1547 2223 1638 2266 justa
1667 2223 1770 2256 foret.
1818 2224 1895 2256 Hoc

17 2270 46 2298 *⁸¹²
62 2277 176 2304 autem
192 2271 394 2305 conscilium
409 2272 492 2315 quia
507 2272 675 2305 Yordano
692 2273 834 2317 ejusque
850 2273 1043 2306 fautoribus
1060 2274 1248 2316 displicuit,
1272 2275 1442 2317 peccunia
1457 2275 1633 2318 utriusque
1657 2277 1832 2319 pontificis
1848 2278 1894 2310 ad

21 2363 34 2375 ἢ
60 2325 185 2357 milites
207 2331 242 2357 et
264 2324 400 2367 pedites
423 2325 616 2364 bellatores,
639 2326 685 2358 ad
709 2326 857 2359 clericos
879 2337 1016 2370 quoque
1041 2333 1075 2359 et
1098 2328 1272 2360 mulieres'
1289 2327 1381 2359 bella
1404 2328 1620 2372 instigantes,
1636 2331 1805 2372 pervenit.
1850 2331 1895 2364 Et
1987 2348 2007 2363 c.
2021 2343 2069 2366 850

16 2370 248 2415 Yordanus
270 2383 391 2421 aperto
414 2388 474 2410 ore
497 2388 613 2411 coram
629 2389 690 2411 sua
705 2386 809 2422 gente
833 2380 876 2412 de
900 2380 1093 2413 Grosulano
1118 2390 1182 2413 ceu
1199 2381 1242 2413 de
1259 2381 1400 2414 Simone
1422 2381 1530 2424 Mago
1555 2382 1722 2421 cantavit;
1748 2389 1782 2415 et
1805 2383 1894 2416 Gro-

59 2431 198 2464 sulanus
213 2432 308 2474 apud
322 2441 418 2463 suam
434 2431 572 2474 plebem
583 2432 689 2475 ydolo
705 2438 741 2465 et
756 2433 863 2465 vitulo
881 2433 1048 2466 conflatili
1063 2440 1166 2476 atque
1184 2434 1312 2466 homini
1328 2434 1460 2476 perfido
1477 2440 1512 2467 et
1527 2436 1668 2477 periuro
1691 2436 1893 2469 Yordanum

151 2576 194 2595 22.
213 2570 313 2595 XXVI.
331 2570 406 2595 Inter
423 2570 621 2596 Grosulanistas
638 2573 662 2596 et
679 2571 851 2604 jordanistas
869 2576 960 2606 pugna
978 2574 1145 2603 commititur,
1165 2574 1235 2606 ipsis
1253 2574 1403 2607 presulibus
1421 2575 1456 2600 ad
1474 2582 1536 2600 suos
1554 2576 1789 2601 sermocinantibus

12 2688 20 2694 „
150 2665 175 2690 5.
194 2660 349 2692 placet....
370 2659 544 2694 absurdumlss
556 2660 577 2685 il
595 2661 670 2685 Sassi
694 2660 758 2686 lesse
775 2661 850 2692 male,
871 2663 997 2694 seguendo
1015 2663 1045 2688 in
1063 2665 1136 2695 parte
1153 2663 1190 2692 Ν,
1210 2664 1320 2696 placuit
1339 2665 1466 2689 nondum
1485 2672 1544 2689 esse
1563 2665 1714 2689 absurdum
1733 2678 1766 2683 —
1789 2665 1830 2692 16.
1849 2667 1893 2691 de-

12 2695 32 2742 ?*v
61 2700 257 2734 senseresque.
330 2702 485 2734 cecassent]
505 2702 755 2735 defensionemque
773 2711 847 2729 meas
865 2707 1027 2737 gustassent
1045 2705 1070 2730 R
1090 2720 1122 2723 —
1143 2712 1184 2738 23.
1203 2704 1294 2739 prius]
1313 2707 1446 2739 primitus
1465 2707 1570 2737 Pnnrz,

147 2802 155 2818 ¹
176 2803 247 2829 Cioe
267 2804 413 2829 nell’anno
436 2804 510 2837 1136,
531 2806 559 2829 in
581 2806 626 2830 cui
652 2806 795 2831 Landolfo
820 2807 948 2833 scriveva
1002 2809 1117 2833 Vittore
1136 2808 1226 2840 (detta
1247 2809 1274 2833 di
1295 2808 1351 2833 San
1371 2809 1542 2842 Vittorello)
1558 2817 1638 2834 verso
1652 2809 1739 2835 Porta
1752 2810 1893 2840 Romana.
1921 2817 1954 2836 ιο

59 2845 88 2871 la
107 2853 156 2871 sua
174 2847 275 2872 storia.
1001 2850 1047 2876 Cf.
1066 2850 1199 2880 Gluuun
1218 2850 1264 2883 IV,
1286 2860 1332 2885 pp.
1352 2860 1386 2884 49
1405 2860 1419 2876 e
1438 2860 1479 2885 sg-

6 2884 32 2908 Π
145 2887 157 2904 ¹
175 2888 296 2914 Lotario
314 2889 342 2914 11
360 2890 390 2914 dl
409 2889 612 2924 Suplimburgo
630 2897 645 2915 e
664 2891 824 2916 Innocenzo
842 2891 877 2917 11.
1087 2891 1099 2908 ⁶
1118 2893 1227 2925 MeglIo
1247 2893 1400 2918 orbationes.

148 2928 159 2945 ³
178 2931 264 2955 Anno
287 2938 363 2963 1¹¹3.
1089 2933 1100 2950 ⁶
1120 2935 1197 2967 Ogni
1217 2937 1300 2968 porta
1318 2944 1364 2961 era
1384 2937 1473 2960 disesa
1493 2937 1527 2961 da
1547 2938 1629 2961 torri.

146 2970 157 2987 ⁴
175 2972 399 2998 Comunemente
418 2975 441 2998 si
462 2975 565 2998 ritiene
591 2974 640 2998 che
665 2976 764 3007 questo
789 2982 897 3000 earcere
923 2977 948 3001 sl
1088 2975 1099 2993 ⁷
1119 2977 1224 3002 vicino
1244 2986 1259 3002 a
1278 2978 1334 3002 San
1354 2979 1521 3003 Vittorello.
1558 2979 1612 3003 Per
1625 2979 1681 3004 San
1696 2978 1843 3004 Giovanni
1860 2981 1890 3004 in

6 3002 34 3050 {¹⁵⁴
58 3014 187 3039 trovam
206 3014 252 3039 nel
272 3015 361 3048 luogo
381 3015 453 3040 dove
479 3023 596 3049 sorgeva
621 3017 648 3042 la
673 3017 810 3042 chiesetta
837 3019 865 3042 di
891 3018 946 3043 San
1001 3017 1099 3044 Conca
1118 3019 1182 3044 vedi
1208 3019 1361 3052 LATUADA,
1387 3022 1429 3052 op.
1449 3020 1501 3052 cit„
1527 3021 1585 3046 vol.
1608 3020 1644 3052 Π,
1664 3028 1692 3054 p.
1711 3027 1772 3053 ²52-
1920 3026 1951 3053 ις
