2288 3476
317 267 388 303 126
935 267 1170 303 EPITOME
1199 266 1529 304 POLIRONESE

308 390 535 423 resistendum
559 400 632 422 esse
656 389 860 427 decernunt,
884 400 964 431 pars
980 390 1147 421 infirmior
1163 390 1301 422 moenia
1317 391 1413 422 exire
1430 391 1623 424 contendit.
1670 392 1748 424 Hac
1763 394 1904 426 tandem
1928 393 2154 426 fluctuatione

308 443 436 485 trepidi
460 443 673 480 vacillantes,
698 454 718 474 a
741 443 924 475 Comitissa
947 443 1084 485 utrique
1101 443 1276 486 supplices
1292 444 1468 486 petierunt
1483 444 1631 477 veniam.
1663 445 1819 489 Cumque
1834 446 2021 479 Comitissa
2036 457 2153 479 eorum

311 495 434 538 legatis
458 506 557 528 aures
580 495 742 538 preberet
766 496 941 533 adversas,
966 502 1001 528 et
1024 496 1130 528 torvis
1155 507 1214 529 eos
1237 497 1411 539 aspiceret
1436 498 1556 533 oculis.
1580 497 1770 530 mitissimis
1794 505 1910 532 tamen
1933 509 2050 532 eorum
2074 510 2154 542 sup-

308 549 551 591 plicationibus
575 554 610 581 et
633 558 816 590 procerum
841 559 977 581 suorum
1001 549 1256 582 instantissimis
1271 550 1430 593 precibus
1446 552 1519 583 eius
1531 552 1687 593 placatus
1711 557 1763 584 est
1779 552 1921 585 animus.
1968 551 2153 586 Civitatem

308 603 424 645 itaque
449 602 513 634 sibi
546 601 774 640 tradiderunt,
806 602 981 634 fidelitatis
1012 602 1204 636 iuramenta
1235 604 1385 636 universi
1416 611 1620 646 prestantes,
1643 611 1677 637 et
1700 615 1839 638 censum
1872 617 2021 638 annuum
2051 606 2154 648 polli-
2205 611 2217 619 ⁴

311 661 441 688 centes.
490 655 579 687 Acta
603 661 680 687 sunt
703 656 791 687 haec
814 654 973 688 Bundeni
997 656 1033 687 in
1057 667 1173 689 mense
1198 656 1372 695 Octobris,
1399 668 1489 690 anno
1514 658 1558 690 ab
1580 659 1760 691 incarnato
1784 659 1850 692 Dei
1873 659 1960 692 Filio
1982 659 2151 692 MCXIV.

1112 812 1215 847 CAP.
1239 813 1355 847 XVII.

545 892 708 934 ..Qualiter
732 903 822 936 erga
845 892 917 925 Dei
937 893 1061 925 cultum
1075 893 1196 937 suerit
1218 895 1348 937 devota,
1374 899 1406 926 et
1430 895 1471 926 de
1494 895 1565 927 eius
1588 896 1734 928 transitu
1753 896 1918 939 glorioso.

397 999 541 1031 Illustris
564 1000 680 1042 itaque
705 999 888 1032 Comitissa
911 1000 1006 1032 miris
1022 1000 1150 1032 florens
1175 1000 1359 1033 virtutibus
1375 1001 1482 1034 cultui
1499 1002 1618 1035 divino
1634 1011 1772 1044 semper
1789 1008 1862 1034 erat
1878 1002 2020 1035 intenta.
2066 1002 2149 1035 Ino·
2217 1038 2220 1042 Δ

308 1062 370 1094 pes
390 1053 618 1090 substentans,
642 1062 826 1095 oppressos
849 1052 1017 1092 relevans,
1042 1060 1077 1086 et
1100 1053 1165 1086 Dei
1188 1054 1337 1086 famulos
1359 1065 1561 1096 perornans,
1598 1055 1694 1087 Haec
1710 1060 1745 1087 et
1761 1060 1879 1087 sancte
1902 1054 2074 1098 religioni,
2097 1055 2156 1098 pia
2181 1055 2195 1088 1
2273 1064 2276 1084 τ

304 1105 518 1148 psalmodiis,
533 1112 567 1138 et
590 1106 804 1138 orationibus
826 1106 965 1138 assidue
987 1107 1204 1145 intendebat,
1227 1108 1398 1140 ecclesias
1414 1114 1449 1140 et
1472 1109 1538 1140 Dei
1561 1109 1736 1141 ministros
1759 1108 1981 1151 paramentis,
2004 1114 2041 1141 et
2063 1108 2155 1142 vasis

306 1159 426 1197 sacris,
442 1159 624 1202 magnifice
642 1158 776 1191 ditavit.
822 1159 902 1191 Fuit
917 1159 1021 1192 etiam
1037 1160 1256 1192 scientiarum
1273 1160 1386 1193 studio
1404 1160 1576 1199 dedicata,
1595 1167 1629 1193 et
1645 1161 1839 1194 liberalium
1863 1160 1986 1193 artium
2009 1161 2154 1204 grandis

306 1211 523 1244 bibliotheca
544 1212 610 1245 sibi
633 1222 703 1245 non
727 1212 849 1245 defuit.
896 1212 964 1245 Pro
987 1212 1116 1245 Christi
1139 1223 1277 1256 quoque
1310 1213 1460 1245 ecclesia
1482 1214 1613 1256 praelia
1635 1214 1742 1247 multa
1764 1215 1882 1257 gessit.
1926 1214 2015 1247 Cum
2038 1214 2153 1247 autem

306 1266 342 1297 in
365 1265 534 1298 Bondeno
557 1276 648 1310 pago
672 1277 803 1299 moram
827 1267 990 1306 traheret,
1014 1266 1136 1299 volens
1159 1267 1209 1299 ibi
1235 1268 1360 1299 Natale
1377 1268 1516 1300 Domini
1540 1268 1732 1306 celebrare,
1750 1268 1843 1300 venit
1859 1267 1904 1300 ad
1918 1278 1994 1300 eam
2010 1278 2155 1312 magnus

307 1319 364 1351 ille
386 1319 566 1362 religionis
596 1326 696 1362 pater
718 1319 846 1359 Ponzo,
877 1319 1036 1352 Cluniaci
1067 1320 1173 1352 abbas
1198 1327 1322 1353 octavo
1349 1321 1419 1360 die,
1443 1331 1486 1353 ex
1518 1331 1586 1364 quo
1616 1321 1730 1354 Roma
1761 1322 1979 1361 discesserat,
2010 1321 2070 1365 qui
2091 1331 2154 1354 suo
2181 1322 2194 1354 l
2220 1361 2226 1371 =

306 1382 400 1405 more
423 1373 467 1405 ab
490 1383 532 1405 ea
555 1379 746 1415 susceptus,
771 1374 851 1405 dum
876 1373 912 1405 in
937 1373 1061 1405 Natale
1085 1374 1225 1406 Domini
1249 1374 1398 1406 officium
1422 1374 1636 1413 decantaret,
1661 1375 1845 1408 Comitissa
1875 1385 1940 1417 pro
1964 1375 2030 1407 Dei
2052 1385 2153 1408 reve-

306 1427 421 1459 rentia
445 1427 489 1459 ad
513 1426 662 1460 officium
686 1427 852 1468 perrexit,
876 1433 911 1459 et
935 1428 1060 1459 devote
1084 1428 1229 1469 audivit,
1253 1428 1315 1461 sed
1340 1428 1540 1460 immensum
1563 1429 1676 1462 noctis
1691 1429 1773 1472 gelu
1789 1429 1878 1461 adeo
1903 1429 1977 1462 eius
1999 1428 2154 1462 membra

307 1480 459 1523 diriguit,
483 1487 519 1513 et
542 1491 669 1522 corpus
693 1480 823 1518 afflixit,
846 1486 883 1512 ut
906 1481 1128 1522 postmodum
1151 1482 1246 1514 lecto
1264 1482 1491 1514 decumberet
1513 1493 1610 1525 egra.
1656 1481 1932 1524 Superveniente
1956 1488 2070 1515 autem
2093 1493 2154 1525 ap-

306 1534 487 1577 paritionis
510 1534 578 1573 die,
608 1535 734 1567 iterum
766 1534 933 1578 languida
955 1534 1096 1566 Missam
1128 1535 1270 1572 audivit,
1294 1542 1329 1567 et
1356 1535 1479 1567 iterum
1510 1535 1604 1567 lecto
1636 1535 1812 1568 decubuit.
1858 1535 2015 1579 Cumque
2046 1535 2154 1569 abbas
2225 1574 2230 1582 Ι

308 1587 351 1620 ab
375 1598 416 1621 ea
440 1588 647 1627 discederet,
671 1587 747 1630 ipsa
771 1588 845 1620 eius
867 1586 1029 1629 precibus
1050 1587 1170 1626 fidem,
1187 1588 1293 1630 pallia
1308 1593 1491 1631 vestesque
1515 1599 1641 1627 sacras,
1659 1594 1822 1632 argentea
1837 1599 1928 1627 vasa,
1945 1599 2011 1622 nec
2026 1599 2098 1622 non
2119 1594 2155 1622 et
2177 1589 2223 1623 20

307 1651 447 1675 crucem
471 1648 626 1674 sanctam
650 1641 795 1684 gemmis
818 1647 985 1679 ornatam,
1011 1641 1043 1673 ei
1065 1641 1124 1683 pia
1147 1642 1214 1674 Dei
1239 1642 1365 1674 cultrix
1388 1642 1542 1675 donavit.
1588 1641 1800 1675 Advenienti
1823 1647 1938 1675 autem
1961 1642 2155 1687 quadrage·
2227 1639 2232 1646 ⁵

310 1695 420 1728 simali
444 1695 587 1734 ieiunio,
611 1706 690 1727 cum
713 1695 909 1727 infirmitate
934 1694 1059 1727 debilis
1082 1695 1237 1727 ieiunare
1260 1696 1499 1733 contenderet,
1524 1697 1701 1729 adstantes
1723 1696 1890 1738 Episcopi
1913 1697 2156 1730 contradicunt

307 1749 546 1788 decernentes,
569 1755 607 1781 ut
630 1749 745 1791 potius
767 1748 934 1780 ieiunium
959 1748 1224 1781 elemosinarum
1248 1749 1431 1792 largitione
1448 1749 1670 1791 persolveret.
1711 1749 1964 1782 Succrescente
1980 1759 2064 1783 vero
2079 1750 2155 1783 lan-

305 1813 424 1846 guore,
462 1802 629 1835 ecclesias
658 1802 723 1834 Dei
754 1802 900 1834 maxime
939 1802 1162 1834 Canussinam
1193 1803 1347 1844 praediis
1377 1802 1586 1844 amplificare
1618 1802 1771 1840 studens,
1802 1802 1835 1835 ei
1865 1802 1971 1835 multa
2001 1803 2153 1836 donavit.

306 1857 469 1889 Famulos
492 1866 571 1889 suos
593 1856 794 1888 innumeros
817 1861 895 1898 post
919 1856 992 1888 eius
1022 1861 1169 1888 mortem
1199 1856 1369 1898 ingenuos
1400 1866 1474 1888 esse
1504 1855 1613 1888 iussit.
1660 1855 1752 1888 Ante
1786 1856 1926 1889 domum
1956 1866 2094 1900 quoque
2117 1857 2154 1889 in
2176 1855 2227 1891 25.

307 1920 373 1952 qua
399 1920 483 1954 egra
509 1909 603 1942 lecto
634 1909 783 1947 iacebat,
815 1909 862 1941 ad
893 1909 958 1941 Dei
990 1909 1154 1942 honorem
1187 1908 1251 1942 sub
1281 1909 1383 1942 titulo
1415 1909 1574 1951 Apostoli
1604 1909 1722 1942 Iacobi
1754 1909 1929 1942 Zebedaei
1960 1909 2152 1943 Ecclesiam

307 1964 406 1996 iussit
429 1963 608 2005 fabricari,
632 1973 734 2006 quam
758 1963 864 1995 etiam
888 1962 1097 2005 paramentis
1120 1962 1245 1995 ditavit
1269 1969 1303 1994 et
1333 1962 1435 2006 agris,
1466 1973 1567 2006 quam
1598 1963 1777 1995 dedicavit
1808 1963 1923 1995 adhuc
1948 1974 1990 1995 ea
2012 1964 2153 1996 vivente

306 2017 494 2060 episcopus
518 2017 686 2060 Reginus.
733 2016 889 2059 Cumque
914 2015 1087 2048 laboraret
1111 2016 1146 2047 in
1170 2016 1345 2054 extremis,
1370 2016 1460 2049 idem
1484 2016 1668 2058 episcopus
1690 2015 1848 2059 Reginus
1877 2016 2012 2059 Corpus
2034 2016 2155 2049 Domi-

307 2070 424 2104 nicum
447 2071 481 2103 ei
503 2069 657 2108 tradidit,
681 2070 821 2102 mittens
844 2070 880 2101 in
911 2070 985 2102 eius
1008 2069 1166 2101 manibus
1199 2079 1338 2102 crucem
1371 2068 1512 2107 Christi,
1544 2079 1645 2112 quam
1676 2069 1758 2101 dum
1788 2069 1968 2108 baiularet‚
1992 2075 2028 2102 et
2050 2069 2088 2102 in
2111 2079 2153 2102 ea
2233 2104 2237 2111 f

307 2124 431 2157 crebra
453 2124 574 2167 figeret
601 2123 733 2156 oscula:
772 2122 914 2162 “Oi-0„
946 2122 1068 2165 inquit,
1095 2123 1109 2139 ¹⁶
1125 2128 1158 2155 te
1189 2122 1339 2161 Christe,
1371 2132 1473 2166 quern
1504 2132 1640 2165 semper
1670 2122 1773 2161 colui,
1805 2132 1941 2165 semper
1971 2122 2093 2162 amavi,
2115 2129 2155 2156 ut
2175 2124 2220 2156 30

313 2177 492 2210 “sordium
515 2188 668 2209 mearum
693 2177 847 2220 digneris
870 2176 1037 2208 mundare
1061 2175 1203 2218 piacula
1217 2200 1245 2217 „.
1291 2175 1374 2208 Post
1398 2176 1485 2207 haec
1509 2181 1663 2208 sanctum
1689 2175 1864 2217 accipiens
1880 2175 2154 2215 Sacramentum,

305 2230 440 2274 Corpus
462 2230 592 2264 Christi
616 2229 755 2263 scilicet
775 2229 1114 2268 reverendissimum,
1137 2229 1202 2261 ait:
1232 2230 1246 2246 “
1261 2229 1317 2261 Tu
1341 2239 1421 2271 spes
1452 2239 1530 2261 mea
1561 2229 1675 2270 unica,
1699 2234 1733 2261 et
1762 2229 1936 2272 singulare
1967 2229 2152 2273 refugium,

306 2294 433 2327 quaeso
457 2294 512 2316 me
536 2283 666 2315 salvam
690 2283 845 2326 digneris
868 2282 1089 2324 suscipere„
1115 2287 1149 2314 et
1172 2282 1258 2315 haec
1284 2282 1415 2320 dicens,
1439 2282 1600 2325 migravit
1622 2282 1668 2314 ad
1699 2282 1896 2322 Dominum,
1920 2292 2010 2315 anno
2033 2282 2152 2315 huma·

306 2343 408 2370 natae
432 2336 634 2370 Divinitatis
658 2334 800 2369 MCXV
821 2336 988 2380 vigesima
1012 2341 1134 2378 quarta
1158 2335 1214 2368 die
1238 2335 1327 2373 Iulii,
1351 2335 1474 2368 aetatis
1504 2341 1618 2367 autem
1652 2346 1734 2367 suae
1764 2346 1853 2368 anno
1876 2344 2069 2368 xxxxxxnt
2093 2335 2153 2380 qui

305 2391 372 2423 fuit
395 2401 505 2423 annus
527 2390 662 2432 imperii
687 2389 830 2422 Henrici
858 2389 888 2422 V
911 2395 1064 2422 octavus·
1110 2389 1149 2421 In
1173 2389 1257 2422 sede
1281 2388 1485 2431 Apostolica
1507 2388 1730 2430 praesidente
1748 2388 1907 2421 Paschali
1923 2388 2025 2422 huius
2041 2389 2151 2422 nomi·
2174 2388 2216 2422 35
2236 2384 2241 2422 s
2274 2394 2276 2431 ᾗ

305 2444 356 2476 nis
379 2444 422 2482 II,
446 2442 610 2486 Philippo
634 2442 736 2475 huius
758 2442 908 2474 nominis
931 2442 946 2474 Ι
970 2448 1135 2486 regnante
1160 2443 1373 2475 Francorum
1398 2452 1493 2484 rege.

1102 2592 1206 2626 CAP.
1230 2592 1361 2626 XVIII.

963 2674 1020 2706 De
1043 2674 1115 2706 cius
1136 2673 1311 2717 sepulture
1332 2673 1500 2717 opinione.

396 2783 448 2816 De
472 2782 649 2825 sepultura
672 2781 773 2814 huius
795 2780 979 2814 Comitisse
1002 2779 1194 2819 Mathildis,
1216 2780 1310 2812 nulla
1334 2790 1496 2822 expresse
1528 2781 1669 2813 historia
1700 2780 1854 2813 continet
1884 2791 1984 2823 quam
2009 2780 2152 2813 invene-
2260 2823 2262 2827 y

310 2836 383 2868 rim.
432 2836 580 2869 Videtur
604 2842 717 2868 tamen
749 2834 933 2867 manifeste
957 2833 1052 2877 quod
1080 2834 1173 2876 apud
1205 2832 1393 2866 Canossam
1417 2834 1583 2866 tumulata
1615 2844 1684 2866 non
1714 2834 1768 2865 sit.
1814 2832 2027 2876 Compilator
2058 2833 2150 2866 enim
2175 2833 2217 2866 40
2259 2830 2262 2858 Ϊ

308 2889 507 2931 supradicte
532 2888 695 2930 Historie,
721 2898 740 2919 a
764 2897 831 2930 quo
855 2887 922 2919 hec
946 2892 1082 2929 sumpta
1113 2893 1199 2925 sunt,
1230 2887 1264 2918 in
1297 2887 1463 2925 carmine,
1494 2897 1563 2929 quo
1595 2887 1668 2919 eius
1698 2891 1843 2919 mortem
1874 2885 2046 2929 deplorat,
2077 2892 2152 2918 orat

310 2942 344 2974 S.
370 2941 591 2983 Apollonium
615 2940 797 2974 Cauussini
821 2940 942 2982 oppidi
967 2946 1160 2982 patronum,
1190 2940 1295 2983 quod,
1320 2939 1403 2971 licet
1426 2939 1584 2971 iniustum
1609 2940 1664 2979 sit,
1688 2945 1724 2971 ut
1747 2939 1822 2981 ipsa
1844 2939 2024 2972 Comitissa
2054 2949 2151 2971 suum

309 2995 346 3026 in
370 2995 443 3027 eius
467 2994 614 3026 ecclesia
638 2994 835 3036 sepulcrum
860 2993 985 3025 habere
1009 2994 1188 3035 respuerit,
1213 2992 1269 3025 ubi
1286 2999 1320 3024 et
1344 2993 1583 3036 progenitores
1606 2993 1679 3024 eius
1703 2993 1899 3035 quiescunt:
1924 2992 2006 3034 quia
2036 2998 2151 3025 tamen

310 3057 446 3088 semper
470 3058 547 3078 eum
571 3047 697 3079 devote
723 3046 840 3083 coluit,
866 3052 945 3078 ante
969 3046 1063 3088 pium
1088 3056 1203 3090 regem
1228 3056 1291 3088 pro
1316 3057 1356 3077 ea
1379 3046 1515 3078 veniam
1540 3045 1760 3087 deprecetur;
1787 3055 1856 3077 non
1881 3051 1995 3077 tamen
2019 3044 2148 3087 scribit,
