2288 3476
328 282 397 316 122
945 282 1179 319 EPITOME
1207 283 1540 320 POLIRONESE

319 415 410 437 anno
434 403 562 437 Christi
585 404 764 436 millesimo
790 405 1020 447 octogessimo
1044 404 1094 437 VI
1118 404 1210 437 idem
1227 405 1416 448 Gregorius
1432 406 1529 448 Papa
1545 408 1803 450 quartadecima
1821 408 1876 441 die
1892 408 1988 447 Maii,
2003 409 2164 452 migravit

319 469 338 489 a
362 458 512 495 saeculo,
537 457 634 489 cuius
658 457 817 489 transitus
842 457 958 489 multis
982 457 1048 490 fuit
1071 459 1214 490 meroris
1236 459 1373 491 maximi
1398 460 1547 492 occasio.
1594 461 1674 499 Quo
1698 461 1878 501 defuncto,
1902 462 2041 505 quidam
2064 462 2163 494 Desi-

320 509 434 542 derius
458 509 587 542 Montis
614 509 749 542 Cassini
782 510 887 542 abbas
917 510 952 542 in
985 521 1110 553 papam
1141 511 1290 555 eligitur,
1322 513 1435 546 dictus
1465 520 1586 555 postea
1616 514 1750 553 Victor,
1781 515 1840 558 qui
1869 525 1977 557 parvo
2008 521 2162 558 tempore

318 563 411 595 vixit.
458 562 523 595 Cui
548 564 714 596 successit
736 563 814 595 Odo
838 564 1029 596 monachus
1051 564 1293 597 Cluniacensis
1317 565 1500 608 episcopus
1522 567 1700 606 Ostiensis,
1733 568 1846 600 dictus
1876 568 2038 601 Urbanus
2065 568 2163 600 huius

317 616 465 648 nominis
489 616 671 648 secundus,
718 616 785 648 Hic
810 617 923 648 omnia
945 623 1023 649 acta
1047 618 1262 660 imperatoris
1278 624 1314 651 et
1330 619 1488 652 Guiberti
1511 620 1697 660 damnavit,
1722 627 1756 653 et
1771 621 1816 653 ad
1832 621 2048 654 Comitissam
2071 621 2164 655 beati
2215 625 2229 635 ⁴

319 668 411 702 Petri
436 669 538 701 filiam
562 679 640 708 suas
665 668 916 702 exhortatorias
939 670 1056 702 literas
1081 671 1234 714 dirigens
1256 682 1393 704 suorum
1418 673 1550 705 veniam
1576 673 1639 706 sibi
1665 673 1812 707 contulit
1835 674 2054 707 delictorum.

1142 795 1245 829 CAP.
1270 797 1333 829 XI.

516 865 571 897 De
593 867 828 908 persecutione
851 867 886 898 in
912 866 1124 899 comitissam
1146 871 1213 910 pro
1226 866 1358 911 favore
1381 868 1544 910 Ecclesie,
1569 874 1602 900 et
1624 869 1790 901 obsidione
1812 870 1965 902 Mantue.

405 962 492 995 Cum
527 969 640 996 autem
675 964 792 996 nuncii
824 975 925 1007 pape,
956 971 990 998 et
1023 964 1205 998 Comitisse
1241 966 1323 999 hinc
1357 966 1439 999 inde
1478 967 1603 1000 crebro
1638 967 1881 1006 discurrerent,
1915 978 2060 1012 regnum
2090 967 2165 1000 fere

318 1022 437 1049 contra
467 1027 503 1049 se
536 1018 655 1049 eadem
687 1018 867 1050 Comitissa
901 1019 1090 1052 commovit
1120 1019 1286 1052 italicum.
1339 1020 1443 1052 Unde
1474 1020 1581 1053 multa
1615 1027 1694 1053 sunt
1724 1021 1835 1063 prelia
1866 1021 2058 1054 subsecuta.
2104 1022 2158 1055 Ex

317 1069 441 1112 quibus
463 1081 544 1112 pars
568 1070 747 1103 Comitisse
775 1071 891 1104 multis
913 1072 1067 1104 victoriis
1090 1072 1222 1105 claruit.
1269 1073 1320 1106 Eo
1345 1074 1447 1107 etiam
1471 1080 1626 1115 tempore
1650 1075 1748 1107 multi
1772 1084 1816 1106 ex
1839 1074 1937 1107 Italie
1961 1074 2165 1113 civitatibus,

317 1124 406 1156 duce
423 1123 572 1166 quodam
588 1123 719 1156 Oberto
736 1125 881 1167 arreptis
905 1125 1007 1157 armis
1023 1126 1068 1157 ad
1084 1125 1216 1158 Urbem
1239 1133 1442 1169 properant,
1457 1137 1534 1159 cum
1559 1127 1686 1170 quibus
1702 1133 1776 1160 erat
1799 1128 1955 1172 Reginus
1969 1128 2167 1161 Parmensis

315 1178 508 1219 episcopus.
555 1178 601 1209 Hi
631 1183 740 1210 terras
764 1179 945 1211 Comitisse
976 1186 1205 1224 pervagantes
1234 1180 1460 1223 populatione
1491 1191 1617 1225 magna
1640 1181 1678 1212 in
1700 1182 1750 1214 eis
1773 1182 1963 1214 seviebant.
2008 1182 2167 1225 Dumque

316 1231 353 1262 in
376 1231 510 1273 campis
534 1231 695 1264 Sorbarie
721 1233 952 1265 castrametati
983 1239 1110 1272 essent,
1142 1235 1290 1276 quadam
1322 1240 1426 1267 nocte
1457 1235 1668 1268 dormientes
1698 1234 1875 1278 intrepidi,
1907 1245 1992 1268 ecce
2023 1241 2166 1278 repente

316 1284 444 1317 milites
467 1285 649 1318 Comitisse
673 1285 808 1318 irruunt
831 1296 934 1328 super
957 1286 1060 1329 ipsos,
1085 1287 1334 1319 vociferantes:
1360 1288 1466 1320 Beate
1489 1288 1594 1321 Petre
1618 1288 1781 1321 auxiliare
1805 1289 1880 1321 tuis.
1926 1289 2040 1322 Tanto
2062 1289 2168 1332 igitur

316 1338 557 1380 expergefacti
579 1344 712 1371 terrore
736 1339 968 1382 clamoreque,
993 1345 1062 1371 tam
1079 1340 1193 1372 subito
1210 1341 1395 1382 stupefacti
1419 1341 1575 1383 strepitu,
1592 1341 1771 1375 hincinde
1795 1342 1953 1384 dispersi,
1975 1348 2074 1386 terga
2090 1352 2167 1375 ver·
2224 1344 2226 1352 ”

316 1397 441 1424 terunt.
488 1391 585 1424 Cesis
609 1391 726 1434 itaque
751 1398 785 1424 et
809 1393 934 1425 occisis
956 1403 1074 1424 eorum
1098 1393 1264 1435 plurimis,
1288 1393 1386 1426 multi
1411 1404 1548 1436 quoque
1571 1405 1765 1427 remansere
1797 1394 1936 1437 captivi,
1967 1395 2058 1428 inter
2080 1404 2167 1438 quos

315 1443 517 1478 Eberardus
539 1445 736 1477 Parmensis
768 1446 953 1487 episcopus
976 1446 1055 1478 suit.
1101 1446 1152 1478 Eo
1176 1452 1333 1488 tempore
1356 1447 1543 1479 Anselmus
1574 1447 1744 1480 Lucensis
1767 1448 1952 1490 episcopus
1982 1448 2168 1481 defunctus

317 1503 380 1536 est,
404 1504 439 1530 et
462 1497 607 1532 Mantue
630 1499 796 1541 sepultus.
844 1498 916 1531 Sed
939 1499 974 1530 in
990 1499 1095 1542 gestis
1119 1500 1191 1532 eius
1207 1499 1346 1542 legitur,
1363 1501 1456 1543 quod
1472 1500 1586 1533 factus
1602 1511 1706 1543 papa,
1729 1507 1764 1533 et
1779 1501 1980 1534 Alexander
2003 1502 2118 1534 dictus
2132 1501 2168 1533 in

315 1552 542 1584 Lateranensi
563 1551 752 1598 requiescit
775 1552 946 1584 Ecclesia.
993 1552 1164 1584 Henricus
1189 1553 1292 1585 etiam
1323 1553 1510 1595 imperator
1538 1554 1575 1585 in
1606 1555 1883 1596 persecutionem
1914 1554 2082 1594 Matildis,
2103 1564 2167 1597 pu·-
2190 1554 2210 1586 2
2235 1547 2239 1570 J*
2274 1552 2277 1554 “

315 1606 407 1638 blice
432 1605 500 1638 iam
522 1605 559 1638 in
582 1616 661 1638 suos
685 1606 882 1644 advertens,
906 1605 1046 1638 abstulit
1069 1606 1102 1638 ei
1125 1606 1296 1649 quidquid
1320 1607 1356 1638 in
1381 1607 1495 1639 Gallia
1519 1618 1561 1639 ex
1575 1607 1652 1650 ipso
1674 1608 1749 1640 iure
1773 1613 1940 1646 materno,
1963 1614 1999 1641 et
2020 1614 2168 1650 patemo

315 1659 528 1701 possidebat,
559 1658 744 1703 Brigerino
776 1665 892 1692 castro
923 1660 1102 1692 dumtaxat
1131 1665 1291 1703 excepto,
1322 1670 1400 1692 cum
1430 1669 1555 1692 revera
1585 1666 1675 1693 esset
1705 1660 1973 1704 inexpugnabile
2007 1667 2167 1695 castrum.

316 1713 401 1745 Post
423 1713 490 1745 hec
521 1713 710 1755 imperator
740 1713 918 1745 Mantuam
943 1713 1078 1752 invasit,
1103 1723 1204 1756 quam
1229 1713 1377 1746 undenis
1400 1714 1575 1747 mensibus
1599 1714 1676 1746 dira
1697 1713 1880 1747 obsidione
1902 1714 2053 1748 vallavit.
2099 1714 2166 1749 Co-

316 1766 445 1799 mitissa
461 1776 545 1798 vero
561 1777 625 1809 per
639 1767 869 1799 internuntios
884 1777 963 1799 suos
977 1777 1081 1809 saepe
1105 1766 1316 1799 Mantuanos
1332 1767 1377 1800 ad
1392 1767 1620 1800 constantiam
1642 1768 1855 1806 hortabatur,
1872 1769 1990 1812 eisque
2006 1769 2170 1802 victualia

316 1819 541 1852 ministrabat.
586 1819 657 1852 Sed
674 1830 793 1852 eorum
809 1821 877 1853 fide
893 1826 1024 1853 mutata
1040 1831 1115 1853 sese
1138 1821 1338 1863 imperatori
1360 1821 1589 1859 tradiderunt,
1609 1822 1723 1854 inscia
1748 1820 1939 1862 Comitissa,
1963 1822 2168 1865 quibusdam
2190 1822 2238 1856 25

315 1873 497 1907 Comitisse
518 1873 722 1916 proceribus
745 1884 826 1906 casu
850 1873 1092 1912 evadentibus,
1117 1874 1175 1917 qui
1190 1875 1226 1906 in
1249 1874 1325 1917 ipsa
1350 1875 1488 1907 civitate
1512 1875 1557 1907 ad
1579 1874 1850 1908 Mantuanorum
1872 1875 2062 1909 subsidium
2084 1877 2169 1909 resi-

319 1927 459 1960 debant.
505 1927 698 1970 Imperator
720 1928 814 1959 victa
838 1927 982 1960 civitate
1005 1928 1121 1960 statuit
1143 1929 1180 1960 in
1203 1938 1245 1960 ea
1267 1929 1440 1971 presulem
1464 1928 1645 1961 Cononem
1676 1929 1827 1968 nomine,
1849 1939 1980 1972 genere
2002 1929 2169 1962 Alaman-

319 1993 411 2019 num,
434 1982 556 2024 fugato
579 1981 661 2014 inde
685 1980 825 2014 Ubaldo
848 1981 1025 2014 Antistite.
1071 1981 1232 2014 Obtinuit
1254 1987 1437 2024 praeterea
1467 1982 1655 2024 imperator
1677 1983 1753 2015 fere
1784 1988 1929 2015 cunctas
1951 1982 2118 2021 civitates,
2134 1989 2170 2016 et

316 2035 448 2078 oppida
477 2035 568 2067 ultra
598 2034 743 2073 Padum,
776 2035 932 2077 exceptis
962 2035 1110 2067 Platena
1125 2035 1147 2074 ¹,
1174 2041 1209 2067 et
1240 2035 1392 2078 Nogara,
1423 2046 1490 2078 que
1513 2035 1548 2066 in
1579 2035 1646 2067 fide
1679 2035 1861 2068 Comitisse
1892 2035 2061 2069 Mathilds
2089 2046 2170 2079 per—

317 2093 516 2120 manserunt
539 2087 641 2130 Cepit
656 2093 816 2130 preterea
832 2087 1040 2120 Minerviam
1057 2088 1151 2120 fame
1174 2088 1345 2121 afflictam.
1369 2086 1552 2121 Comitissa
1574 2099 1644 2121 non
1666 2094 1854 2131 propterea
1875 2094 1991 2121 tamen
2014 2095 2170 2122 conster-

318 2147 411 2180 nata,
439 2151 553 2185 neque
585 2153 606 2174 a
635 2141 710 2174 zelo
742 2141 922 2174 Ecclesiae
957 2147 1142 2184 tepescens
1172 2152 1238 2184 per
1268 2141 1504 2186 Reginensem
1537 2148 1570 2174 et
1600 2142 1831 2174 Mutinensem
1862 2142 2045 2175 comitatus
2074 2142 2170 2186 equi-

318 2201 407 2233 tans,
438 2195 580 2237 propria
610 2195 787 2228 fortalicia
817 2196 1011 2237 reparabat.
1059 2195 1191 2227 Hiemis
1215 2196 1332 2238 itaque
1355 2200 1512 2237 tempore
1537 2201 1640 2237 capto
1670 2195 1864 2228 Minerviae
1897 2196 2040 2238 oppido,
2069 2195 2170 2229 Athi-

320 2259 396 2281 cem
420 2249 547 2281 flumen
577 2248 766 2291 imperator
796 2249 917 2290 paucis
948 2249 1129 2282 comitatus
1152 2248 1317 2281 militibus
1347 2248 1578 2291 pertransivit.
1626 2248 1734 2286 Quod
1756 2248 1956 2292 intelligens
1979 2249 2171 2288 Comitissa,

319 2303 432 2335 statim
457 2307 578 2334 contra
602 2312 679 2334 eum
703 2301 799 2334 mille
823 2308 974 2334 armatos
998 2302 1132 2345 equites
1155 2302 1352 2335 destinavit.
1401 2301 1471 2339 Qui
1497 2312 1574 2334 cum
1605 2302 1739 2334 Padum
1764 2308 1798 2334 et
1821 2301 1982 2335 Athicem
2013 2308 2171 2345 pertran—

318 2358 453 2394 sissent,
484 2366 543 2388 eos
570 2355 693 2388 diebus
716 2361 796 2388 octo
827 2355 1017 2397 imperator
1039 2365 1099 2388 sua
1123 2355 1248 2388 astutia
1277 2355 1428 2388 evitavit.
1476 2355 1646 2398 Fingebat
1676 2356 1767 2387 enim
1796 2366 1832 2388 se
1855 2356 1947 2388 nolle
1979 2356 2168 2399 confligere

318 2409 422 2447 bello,
446 2410 597 2452 dumque
620 2408 666 2441 ob
689 2409 755 2441 hoc
780 2415 959 2441 manerent
983 2409 1159 2450 intrepidi,
1183 2409 1363 2452 nullasque
1394 2409 1653 2451 suspicarentur
1681 2408 1834 2448 insidias,
1866 2409 2085 2451 imperatoris
2105 2409 2170 2441 mi-

318 2462 394 2495 lites
418 2462 506 2495 clam
528 2463 703 2494 irruerunt
726 2472 828 2504 super
852 2472 912 2494 eos
934 2462 970 2493 in
994 2461 1071 2494 loco
1094 2462 1235 2504 quidem
1251 2462 1341 2494 Tres
1364 2461 1567 2494 Comitatus.
1613 2462 1717 2494 Multi
1740 2462 1857 2504 itaque
1873 2463 1944 2494 cesi
1966 2467 2056 2502 sunt,
2071 2461 2171 2495 multi

318 2516 422 2548 etiam
446 2516 642 2558 capiuntur.
688 2514 758 2547 Alii
782 2515 922 2548 tandem
946 2520 1132 2547 evaserunt
1154 2525 1218 2558 per
1233 2515 1336 2547 devia
1360 2514 1543 2558 fugientes.
1590 2515 1702 2547 Huius
1724 2514 1931 2557 proditionis
1955 2521 2074 2548 auctor
2088 2514 2169 2559 Ugo

318 2569 459 2612 quidam
483 2578 544 2602 sue
567 2568 739 2602 nobilitati
764 2569 982 2613 degenerans
995 2569 1018 2601 ².

1134 2639 1239 2674 CAP.
1262 2640 1342 2673 XII.

400 2712 617 2756 Depredatio
640 2713 760 2745 vexilli
779 2713 1002 2756 imperatoris
1024 2723 1046 2743 a
1071 2711 1259 2754 Comitissa,
1283 2715 1318 2743 et
1340 2712 1382 2743 de
1405 2712 1551 2744 victoria
1574 2716 1695 2745 contra
1718 2712 1872 2743 eumdem
1895 2715 2078 2743 consecuta.

407 2810 600 2843 Transacta
624 2810 737 2842 hieme
760 2810 951 2852 imperator
973 2820 1052 2842 cum
1076 2809 1254 2842 Alamanis
1270 2815 1304 2842 et
1327 2808 1568 2852 Longobardis
1593 2809 1640 2841 ad
1663 2814 1796 2841 montes
1822 2808 2068 2841 Mutinensium
2091 2799 2169 2850 pro-

318 2863 468 2905 peravit3
492 2863 585 2906 cepit
601 2869 715 2896 autem
731 2863 890 2896 Montem
906 2863 1114 2896 Maurellum
1132 2867 1167 2895 et
1189 2863 1346 2896 Mentem
1363 2861 1514 2900 Alfredi,
1538 2862 1597 2895 ubi
1615 2867 1738 2904 captus
1754 2867 1807 2894 est
1824 2861 2001 2895 Gerardus
2023 2861 2170 2905 signifer

321 2916 514 2955 Comitisse,
538 2917 583 2949 de
607 2917 705 2949 cuius
727 2916 888 2959 captione
911 2917 1056 2949 multum
1087 2916 1209 2949 doluit.
1255 2916 1383 2948 Postea
1413 2922 1565 2948 castrum
1588 2915 1718 2948 Montis
1748 2914 1837 2947 Belli
1868 2914 2020 2952 obsedit3
2043 2914 2168 2947 fultum

409 3027 418 3044 ¹
438 3027 475 3053 P'
494 3027 530 3053 da
551 3027 766 3061 “Placentianl
1270 3035 1328 3052 non
1349 3029 1372 3052 si
1393 3028 1504 3060 capisce
1522 3027 1605 3060 quale
1624 3028 1799 3053 tradlmento
1820 3029 1847 3052 vi
1869 3029 1911 3052 sia
1930 3029 2007 3053 stato
2032 3027 2067 3052 da
2086 3028 2166 3059 parte

410 3068 421 3085 ¹
442 3069 666 3102 L’epitomatore
691 3071 727 3096 ha
752 3071 921 3096 abbreviato
946 3071 1083 3096 talmente
1107 3071 1142 3095 D.
1169 3070 1218 3095 che
1273 3070 1303 3095 di
1323 3072 1422 3103 questo
1442 3070 1505 3102 Ugo
1524 3069 1598 3102 (Ugo
1619 3071 1664 3095 del
1684 3070 1803 3102 Maine).

2193 2075 2245 2123 30,
2262 2072 2267 2142 ζ,

2192 2325 2242 2388 35¹
