2288 3476
456 374 672 419 Aggreditur
694 379 842 413 certans,
867 373 949 407 istos
972 373 1162 407 devincere
1185 376 1368 415 temptans.
1961 373 2036 398 uun„
2052 379 2090 398 ψ

450 427 551 466 Quos
572 434 738 471 superant
758 428 825 466 isti,
851 426 1015 460 bellando
1039 426 1171 459 duriter
1192 425 1288 468 ipsis,

456 481 496 514 In
519 482 634 524 prima
655 481 772 514 fronte
796 480 1008 514 Bonefacius
1030 479 1158 513 incutit
1180 479 1313 516 hostes3

354 549 407 576 530
453 534 557 568 Miles
579 545 656 567 eum
680 534 821 577 quidam
837 533 1036 578 *quaerebat
1059 543 1147 574 voce
1171 531 1299 571 ferina,

456 588 522 621 Cui
547 589 616 620 dux
639 587 782 631 insignis
807 592 910 629 caput
934 585 1084 625 abstulit,
1107 585 1267 618 omnibus
1289 584 1356 617 illis

456 642 584 685 Ingens
606 641 773 673 successit
796 639 947 674 formido
970 639 1090 672 mortis
1114 644 1149 672 et
1171 638 1273 677 ensis,

458 694 557 733 Quos
579 695 675 728 cedit
698 694 805 727 dense
829 693 946 726 valido
969 692 1181 726 Bonefacius
1205 702 1297 725 ense.

456 749 614 792 Cumque
638 747 804 792 fatigatus
826 747 929 779 nimis
953 751 1052 786 esset,
1076 756 1147 779 non
1170 750 1351 787 superatus

359 816 409 842 535
457 802 570 836 Vertit
595 812 732 845 equum,
757 800 892 833 cunctis
914 799 1150 844 gaudentibus
1173 798 1327 842 undique
1350 797 1461 831 turbis

455 855 618 888 Deseruit
638 853 768 888 bellum
775 866 784 892 3
809 852 978 886 frendens
1002 853 1047 886 ad
1070 862 1172 895 quem
1196 852 1295 895 quasi
1318 862 1442 884 cervus

455 908 662 942 Chonradus
686 907 809 946 cultus,
833 916 902 950 quo
926 916 996 938 non
1020 911 1071 938 est
1094 905 1221 938 fortior
1243 905 1343 944 ullus,

455 962 549 996 Exiit
571 972 615 994 ex
638 961 737 1000 lucis,
761 970 839 992 cum
864 959 1063 1003 quingentis
1087 958 1162 991 fere
1187 958 1308 992 scutis:

460 1015 559 1049 “Cur
581 1016 629 1048 ita
652 1014 762 1047 frater
785 1013 858 1045 abis
882 1013 1036 1055 prudens
1051 1036 1081 1054 ,„
1104 1012 1162 1050 ait,
1189 1012 1204 1028 ‘⁴
1221 1021 1241 1044 o
1266 1011 1466 1044 Bonefaci?

360 1083 414 1110 540
463 1069 478 1085 ‘⁴
493 1069 598 1102 Sume
621 1074 698 1101 tuas
719 1066 823 1105 vires,
846 1066 986 1109 placeat
1009 1074 1216 1109 mecumque
1240 1064 1383 1098 redire:'

461 1125 475 1140 ‘⁴
488 1121 654 1155 Hostibus
676 1119 731 1153 his
754 1129 897 1162 campus
920 1129 990 1151 non
1014 1119 1127 1157 detur,
1150 1118 1212 1151 sed
1235 1118 1419 1151 redeamus
1433 1142 1464 1158 „.
1998 1127 2019 1144 c.
2034 1127 2081 1147 nv

456 1175 605 1208 Hortatu
629 1174 726 1207 cuius
748 1171 961 1206 Bonefacius
984 1171 1066 1205 ilico
1090 1171 1209 1210 fultus,

457 1227 605 1262 Vexillis
628 1229 735 1260 tensis
757 1226 862 1259 rediit
886 1235 964 1258 cum
988 1226 1098 1258 fratre
1123 1225 1268 1258 recenti.

456 1282 610 1315 Pristina
633 1281 725 1314 bella
747 1286 888 1318 novant,
912 1279 1062 1312 inimicis
1085 1288 1151 1311 vae
1174 1289 1313 1322 quoque
1338 1279 1489 1316 donant3

359 1351 410 1377 545
458 1335 548 1368 Nam
571 1335 756 1377 perimunt,
780 1334 942 1372 caedunt,
968 1342 1179 1376 campusque
1203 1341 1327 1365 cruore
1350 1332 1518 1374 repletur;

456 1389 695 1431 Cornipedum
720 1397 820 1420 crura
843 1387 930 1419 fiunt
953 1386 1001 1419 ibi
1026 1386 1192 1430 sanguine
1217 1385 1336 1418 rubra:

459 1442 558 1481 Quos
580 1443 631 1474 illi
654 1441 809 1480 volvunt,
833 1441 984 1485 fugiunt,
1008 1439 1164 1473 tribuunt
1186 1439 1276 1472 male
1300 1439 1449 1472 dorsum.

456 1496 559 1528 Tunc
583 1501 718 1539 strages
741 1494 885 1538 grandis
909 1494 1086 1527 hominum
1111 1493 1180 1526 fuit
1203 1503 1292 1536 eque
1318 1491 1479 1525 caballis:

455 1550 597 1582 Lancea
620 1549 716 1593 quod
739 1548 846 1591 longa
869 1547 968 1591 quasi
992 1547 1137 1579 brachia
1159 1546 1253 1579 mille
1276 1546 1319 1579 sit
1342 1546 1457 1579 audax

361 1618 415 1644 55ο
460 1603 566 1636 Estve
589 1602 773 1635 Bonefacii
797 1601 907 1634 visum
932 1599 1070 1634 cunctis
1093 1599 1262 1637 inimicis;

459 1655 708 1699 Chonradique
731 1661 829 1698 spata
853 1660 993 1688 centum
1017 1653 1155 1687 cubitos
1178 1653 1276 1696 quasi
1300 1653 1380 1686 lata.

457 1707 526 1748 Qui
549 1708 674 1751 procul
697 1708 814 1746 eiecti,
836 1709 895 1740 vix
918 1707 1123 1751 ospicioque
1146 1706 1287 1744 reversi,

456 1763 604 1796 Lumina
627 1767 802 1795 vertentes
824 1767 904 1805 post
926 1767 1062 1805 tergum
1085 1771 1167 1804 sepe
1193 1761 1365 1799 timentes,

458 1815 667 1850 Chonradus
692 1816 826 1854 ductor,
850 1814 1061 1848 Bonefacius
1083 1814 1226 1847 inclitus
1247 1814 1349 1853 ultor,

363 1884 413 1912 555
460 1870 626 1903 Condunt
648 1869 784 1913 vaginis
807 1878 1000 1908 mucrones,
1023 1869 1192 1912 sanguine
1216 1867 1353 1900 tinctos.

458 1924 618 1966 Dumque
641 1933 740 1955 suum
764 1922 861 1965 ponit
884 1922 1093 1955 Chouradus
1115 1921 1199 1954 flens
1222 1922 1299 1954 fero
1323 1920 1433 1960 vobis,

455 1976 618 2011 Candida
639 1976 749 2009 lorica
772 1975 886 2008 cernit
909 1976 1003 2018 quod
1025 1976 1194 2020 sanguine
1217 1975 1336 2009 stillat:

460 2031 556 2065 Ecce
578 2030 692 2064 sciens
714 2030 848 2068 vulnus,
873 2030 1017 2062 fratrem
1042 2030 1219 2062 confortat
1241 2029 1451 2072 alumpnum.

460 2085 674 2128 Illorumque
697 2084 850 2126 phalanx
874 2094 1033 2126 campum
1057 2083 1199 2127 collegit
1222 2089 1258 2116 et
1281 2082 1400 2116 arma.'

366 2146 419 2180 560
464 2138 558 2172 Urbs
581 2148 719 2181 quoque
742 2137 864 2180 regina
888 2136 1078 2170 Chonrado
1102 2137 1162 2169 dat
1186 2136 1408 2170 medicinam.
2001 2145 2021 2159 c.
2038 2145 2085 2163 ειν

460 2192 587 2225 Extitit
609 2191 667 2223 hic
692 2190 804 2223 clarus
826 2190 926 2222 miles
949 2196 1132 2233 postquam
1156 2190 1233 2223 fere
1256 2201 1368 2228 sanus,

457 2245 578 2289 Surgit
601 2244 768 2284 ludendo,
790 2254 861 2276 non
883 2254 920 2276 se
945 2243 1097 2276 custodit
1121 2244 1268 2277 edendo.

461 2299 567 2332 Unde
590 2298 693 2330 nimis
716 2297 860 2330 multum
885 2303 1093 2331 commotum
1117 2298 1233 2331 denuo
1257 2297 1391 2336 vulnus,

460 2353 531 2386 Per
552 2352 671 2395 plures
693 2361 803 2384 annos
825 2351 925 2384 fratri
949 2351 1050 2384 fletus
1073 2351 1150 2383 tulit
1173 2353 1271 2390 altos,

365 2414 416 2447 565
467 2406 558 2439 Nam
581 2405 714 2438 iuvenis
736 2404 884 2447 pulcher
908 2405 954 2438 de
978 2415 1124 2447 corpore
1149 2405 1274 2448 migrat
1295 2405 1331 2437 in
1354 2405 1451 2438 urbe.

462 2459 521 2492 Ad
546 2459 645 2492 cuius
667 2459 772 2491 funus
793 2459 903 2490 trinus
925 2458 1094 2502 rogitatur
1117 2465 1152 2491 et
1174 2469 1273 2497 unus,

460 2513 510 2546 Ut
532 2512 597 2546 sibi
619 2517 766 2555 peccata
789 2512 909 2550 donet,
932 2512 1158 2555 requiemque
1182 2512 1328 2545 beatam.

462 2565 574 2598 Huius
597 2565 642 2598 ad
665 2564 828 2608 exequias
851 2570 931 2597 sunt
954 2564 1090 2609 agmina
1114 2570 1235 2598 sancta
1257 2565 1376 2607 petita,

460 2619 632 2659 Quatinus
655 2618 691 2650 in
715 2618 849 2651 caelum
872 2624 1028 2661 prestent
1052 2618 1146 2662 quod
1169 2618 1220 2650 eis
1243 2618 1404 2651 societur.

365 2686 419 2713 570
465 2672 671 2705 Pontificum
695 2677 827 2710 coetus,
851 2682 895 2704 ex
918 2672 1012 2708 omni
1036 2677 1180 2704 stemate
1204 2672 1329 2710 clerus,

58 2815 61 2819 ‚
149 2794 176 2811 v.
193 2792 249 2818 529
269 2793 282 2809 ε
301 2783 392 2818 segg.)
412 2783 449 2809 D.
469 2781 505 2808 dit
525 2782 708 2816 all‘episodio
727 2790 765 2807 un
791 2784 862 2807 tono
889 2783 961 2816 spic-
1020 2791 1064 2808 ma
1083 2781 1097 2807 =e
1117 2780 1167 2815 piu
1187 2783 1283 2816 logico
1303 2783 1324 2807 il
1345 2785 1444 2815 punto,
1464 2792 1478 2808 e
1497 2784 1524 2808 la
1544 2784 1765 2817 punteggiatura
1785 2783 1813 2809 di
1844 2785 1866 2809 V
1883 2784 1913 2808 lo

48 2823 217 2861 Ᾱμῒιωοηῐε
235 2827 327 2860 epleo,
347 2826 439 2859 specie
458 2827 504 2850 nei
525 2825 601 2850 versi
621 2830 748 2858 545-551.
1018 2826 1150 2849 assicura.

49 2871 52 2875 '
147 2877 175 2894 v.
194 2868 264 2903 544)
291 2870 352 2900 Vae,
372 2870 471 2894 morte.
1106 2875 1133 2892 v.
1151 2867 1218 2899 564)
1238 2868 1309 2893 Pare
1329 2868 1392 2893 dica
1412 2868 1460 2892 che
1480 2867 1610 2894 Cot-rado
1630 2869 1732 2893 rimase
1745 2868 1831 2893 molti
1844 2868 1914 2894 anni
1944 2875 1976 2894 ιο

64 2947 65 2950 ¹
149 2920 195 2937 vv.
213 2911 332 2944 549-51)
351 2911 405 2936 Per
424 2911 446 2935 il
467 2918 550 2935 senso
572 2910 740 2935 costruisci:
763 2909 776 2923 ‘¹
788 2911 883 2934 cuncti
905 2910 960 2935 ini·
1016 2910 1149 2939 insermo,
1170 2910 1246 2934 forse
1265 2918 1282 2935 a
1295 2910 1420 2943 Reggio;
1436 2911 1535 2935 infatti
1557 2908 1630 2935 mori
1644 2918 1718 2935 nove
1737 2912 1807 2936 anni
1827 2911 1914 2943 dopo,

61 2972 69 2978 .-
87 2955 169 2979 mlcls
189 2955 281 2979 visum
295 2955 338 2979 est
351 2954 426 2986 quod
440 2953 534 2978 audax
553 2952 654 2977 lancea
672 2952 703 2977 B.
718 2952 756 2977 sit
777 2952 865 2985 longa
879 2953 961 2984 quasi
1015 2952 1038 2977 il
1061 2959 1090 2985 ¹3
1111 2952 1204 2986 luglio
1226 2959 1294 2985 1030
1319 2959 1397 2977 come
1416 2951 1431 2978 ὲ
1450 2954 1528 2978 detto
1550 2955 1579 2977 in
1605 2953 1660 2978 fine
1679 2961 1695 2977 a
1714 2955 1814 2985 questo
1839 2954 1913 2986 capi-

48 2993 79 3033 ,ἕ
87 2995 167 3022 mule
184 2996 300 3022 brachia
319 2997 346 3021 et
366 2997 447 3028 spata
467 2995 499 3020 C.
519 2996 571 3020 etc.
583 3014 597 3028 n
619 2994 700 3019 Beth.
1015 2995 1076 3019 tolo
1096 3003 1110 3019 e
1130 2995 1175 3019 nel
1197 2996 1338 3027 seguente.
1770 2992 1774 3000 ’

53 3037 57 3044 ”
151 3047 177 3063 v.
195 3035 263 3070 563)
281 3037 304 3062 11
325 3037 484 3063 Bethmann
507 3038 592 3062 mette
612 3036 726 3070 virgola
740 3036 816 3070 dopo
830 3037 960 3066 timentes,
1103 3045 1131 3062 v.
1155 3036 1219 3069 570)
1238 3041 1359 3069 stemate,
1379 3037 1479 3070 grado.
