2288 3476
359 246 428 282 108
1052 245 1182 280 VITA
1212 245 1254 280 M
1259 244 1508 281 ATHILDIS

350 378 406 401 me
429 368 558 402 exinde
582 368 677 400 foras
699 367 828 410 expuli,
851 367 1024 410 guerpivi,
1049 372 1084 399 et
1107 366 1287 399 absentem
1309 376 1363 398 me
1386 367 1458 400 feci
1482 372 1517 400 et
1540 378 1560 400 a
1582 373 1681 411 parte
1703 368 1810 411 ipsius
1833 369 1983 403 ecclesie
2006 369 2202 404 habendum

351 421 487 464 reliqui,
510 421 711 454 faciendum
735 420 862 453 exinde
884 430 966 462 pars
987 419 1095 461 ipsius
1118 419 1290 452 ecclesiae
1313 425 1372 452 aut
1395 419 1451 452 cui
1473 431 1554 463 pars
1576 421 1683 464 ipsius
1705 421 1877 455 ecclesiae
1900 423 2038 456 dederit
2060 434 2081 456 a
2102 434 2203 466 prae-

350 474 438 507 senti
454 475 510 507 die
526 474 695 517 quicquid
711 473 869 511 voluerit,
887 473 962 505 sine
979 473 1071 505 omni
1096 483 1185 510 mea,
1203 478 1238 505 et
1252 473 1421 505 heredum
1438 479 1472 506 et
1488 475 1722 517 proheredum
1745 485 1899 509 meorum
1916 476 2215 512 contradictione..

351 527 389 560 Si
411 528 496 570 quid
519 537 613 566 vero,
638 527 731 570 quod
754 527 908 559 futurum
933 536 1006 558 esse
1031 535 1101 558 non
1126 526 1247 565 credo,
1269 526 1298 558 si
1321 536 1388 570 ego
1411 527 1584 560 comitissa
1607 528 1767 567 Matilda,
1790 528 1885 572 quod
1908 529 2008 568 absit,
2032 535 2092 562 aut
2113 530 2204 564 ullus

349 581 394 613 de
418 580 614 618 heredibus,
638 587 672 612 at
703 578 956 622 proheredibus
989 580 1086 616 meis,
1117 588 1178 611 seu
1209 579 1388 622 quaelibet
1418 580 1576 623 opposita
1599 591 1750 624 persona
1773 588 1895 616 contra
1918 583 2009 615 hanc
2032 583 2201 617 cartulam

351 633 548 666 offertionis
571 634 782 676 quandoque
798 643 902 676 agere
927 633 1209 674 temptaverimus
1232 638 1291 665 aut
1315 643 1390 666 eam
1414 643 1479 676 per
1502 634 1650 677 quodvis
1671 635 1849 679 ingenium
1880 636 2074 680 infringere
2097 645 2208 680 quae-³

349 688 540 724 siverimus,
564 692 647 719 tunc
670 686 863 718 inferamus
886 685 932 718 ad
947 685 1043 717 illam
1067 691 1214 728 partem,
1232 692 1354 719 contra
1370 697 1473 730 quam
1489 686 1614 720 exinde
1631 687 1725 720 litem
1742 688 1969 728 intulerimus,
1985 690 2094 723 multa
2109 683 2213 734 quod*

350 746 403 773 est
425 749 517 783 pena
539 740 615 772 auri
639 739 760 782 optimi
783 738 890 771 libras
912 739 1021 778 mille,
1046 739 1183 783 argenti
1206 740 1365 782 pondera
1387 750 1446 772 1111
1462 740 1567 779 milia,
1583 746 1618 774 et
1634 742 1727 785 quod
1750 742 1992 784 repetierimus
2014 742 2164 776 vendica
2204 776 2205 779 ,

349 803 418 826 non
441 793 628 831 valeamus,
651 793 715 825 sed
745 802 909 834 praesens
932 793 1020 825 haec
1049 792 1208 825 chartula
1230 792 1426 826 offertionis
1449 794 1609 827 omnibus
1632 794 1846 837 temporibus
1867 795 1966 828 firma
1987 802 2203 839 permaneat,-
2256 811 2258 824 Ξ

349 853 453 890 atque
476 846 647 888 persistat.
695 846 740 878 Et
755 845 967 889 bergamena
993 856 1071 879 cum
1097 846 1343 879 atramentario
1367 846 1411 879 de
1435 853 1529 880 terra
1551 847 1676 887 levavi,
1699 849 1849 892 paginae
1873 849 2044 882 Guidonis
2074 849 2209 889 notarii,

349 900 488 938 tradidi,
513 905 548 932 et
571 899 723 932 scribere
755 900 889 943 rogavi,
921 900 955 931 in
987 910 1055 943 qua
1085 898 1205 932 subter
1236 900 1444 933 confirmans
1474 901 1622 934 testibus
1652 901 1762 944 optuli
1788 902 2031 936 roborandam.
2076 901 2210 937 Actum,=
2256 943 2258 946 ,

349 953 521 986 Canusiae
544 952 711 985 feliciter.

436 1006 598 1044 Mafflda,
621 1005 688 1038 Dei
710 1005 834 1049 gratia,
858 1006 887 1039 si
909 1006 996 1050 quid
1020 1013 1082 1044 est,
1105 1006 1141 1039 in
1165 1007 1234 1039 hac
1258 1012 1356 1040 carta
1386 1018 1406 1039 a
1429 1018 1484 1040 me
1508 1008 1605 1041 facta
1629 1018 1671 1040 ss.

375 1059 415 1102 ὦ
439 1059 517 1102 Ego
539 1058 732 1092 Ardericus
754 1059 870 1103 Judex
892 1060 1037 1092 interfui
1061 1065 1095 1092 et
1119 1070 1162 1092 ss.

438 1114 516 1156 Ego
539 1112 699 1146 Ubaldus
720 1112 838 1156 Judex
860 1113 1006 1146 interfui
1031 1119 1066 1146 et
1089 1124 1133 1147 ss.

437 1165 584 1210 Signum
607 1177 731 1199 manus
754 1165 895 1200 Attonis
919 1167 963 1200 de
987 1167 1110 1200 Monte
1134 1167 1364 1202 Barranzonis
1387 1175 1422 1202 et
1438 1169 1633 1202 Bonivicini
1652 1170 1695 1202 de
1713 1170 1871 1213 Canusia,
1899 1171 2012 1214 rogati
2034 1175 2151 1204 testes.
2212 1192 2215 1193 ν
2257 1190 2260 1217 1

436 1220 513 1264 Ego
537 1220 654 1253 Guido
678 1219 844 1253 Notarius
867 1220 956 1253 sacri
979 1221 1100 1263 palatii
1123 1222 1275 1265 scriptor
1298 1222 1398 1256 huius
1421 1223 1576 1256 cartulae
1599 1223 1794 1257 offertionis
1815 1229 1894 1266 post
1915 1224 2078 1258 traditam
2108 1233 2211 1258 com-s
2257 1241 2260 1266 ἶ

347 1273 442 1317 plevi
465 1279 501 1307 et
523 1273 616 1307 dedi.
2258 1270 2260 1277 '
