2288 3476
518 355 691 390 Conditur
712 355 811 395 Pisis,
835 355 948 389 lucem
973 355 1090 388 videat
1111 354 1284 399 paradysi.
1329 353 1454 387 Amen.

515 410 615 442 Hanc
638 415 754 452 patres
775 409 856 442 iusti
880 409 1009 442 ducant
1032 419 1137 451 super
1158 409 1300 441 aethera
1323 408 1451 441 cuncti.
1497 406 1619 439 Amen.

514 463 649 495 Estimo
672 463 768 506 quod
790 462 893 496 vilem
916 462 1016 494 nimis
1038 471 1081 494 ex
1102 462 1170 494 hac
1193 472 1247 493 me
1270 461 1375 494 modo
1398 460 1517 494 Pisae'

517 516 601 549 Esse
625 521 748 559 putent
771 526 864 554 sane,
888 515 955 548 nisi
978 515 1151 559 plangam,
1176 513 1371 558 conquerar
1393 514 1472 547 alte.

515 569 738 612 Perspicuam
762 569 936 601 dominam
961 567 1153 611 cupiebam·
1167 569 1284 601 vivere
1308 567 1381 600 vita

514 623 648 666 Longa,
672 632 741 665 quo
763 622 892 655 laetum
916 622 1104 664 potuissem
1127 621 1256 654 ducere
1279 620 1428 654 seclum:

513 676 727 709 Defunctum
751 685 888 718 corpus,
911 674 1092 718 sperabam
1115 674 1263 707 reddere
1286 684 1426 717 prorsus

516 730 629 773 Digne
652 728 779 763 telluri.
825 727 935 761 Dolor
956 727 1014 760 hic
1038 738 1092 759 me
1116 727 1272 760 funditus
1293 727 1372 767 urit,

515 783 602 817 Cum
625 787 718 815 tenet
740 782 822 815 urbs
844 781 939 814 illam
962 791 1049 824 quae
1074 791 1143 813 non
1167 787 1218 813 est
1241 786 1311 814 tam
1333 781 1424 814 bene
1448 780 1566 825 digna.

516 836 589 876 Qui
611 835 727 879 pergit
749 835 856 872 Pisas,
880 834 976 866 videt
998 833 1069 866 illic
1093 840 1246 866 monstra
1268 834 1416 872 marina3

515 891 611 923 Haec
635 888 718 922 urbs
740 888 896 932 paganis,
920 887 1068 925 TureHs,
1091 887 1224 920 Libicis
1247 898 1386 931 quoque
1409 888 1548 921 Parthis

514 943 675 981 Sordida,
699 942 848 975 Chaldei
870 952 932 974 sua
955 941 1101 973 lustrant
1125 940 1225 974 litora
1247 941 1337 974 tetri.

514 996 685 1030 Sordibus
708 1006 728 1028 a
750 995 887 1028 cunctis
910 1005 985 1027 sum
1006 993 1136 1026 munda
1159 993 1322 1034 Canossa,
1346 995 1499 1037 sepulcri

512 1051 629 1094 Atque
652 1050 750 1082 locus
772 1048 919 1090 pulcher
941 1058 1096 1084 mecum;
1119 1057 1191 1080 non
1214 1047 1356 1090 expedit
1378 1048 1493 1087 urbes,

514 1103 696 1143 Quaerere
718 1101 886 1144 periuras,
909 1106 1087 1143 patrantes
1111 1100 1255 1133 crimina
1277 1101 1387 1143 plura.

515 1156 660 1190 Talibus
682 1155 717 1187 in
740 1155 827 1187 vicis
850 1159 1134 1195 contempserunt
1156 1153 1296 1196 sepeliri

512 1209 690 1251 Precipui,
713 1207 841 1251 magni,
864 1207 973 1239 nostri
997 1207 1127 1240 domini
1150 1207 1376 1246 memorandi,

514 1262 588 1296 Sed
610 1273 647 1295 se
671 1267 748 1304 post
771 1265 915 1293 mortem
939 1259 1045 1292 condi
1067 1259 1208 1294 voluere
1232 1260 1416 1294 Canossae.

513 1316 621 1349 Artus
643 1315 710 1347 iam
734 1313 849 1347 dictae
872 1313 1033 1347 dominae
1056 1318 1198 1346 teneant
1220 1314 1325 1346 modo
1349 1313 1461 1352 Pisae,

514 1368 732 1407 Possideant,
755 1373 856 1400 caute
881 1376 949 1399 nec
971 1377 1042 1399 non
1065 1372 1274 1399 veneranter
1296 1366 1477 1407 honorent,

514 1423 580 1456 Ast
603 1423 717 1455 animo
742 1426 854 1453 mesto
877 1421 1005 1464 iugiter
1026 1430 1151 1453 maneo
1173 1420 1274 1452 nimis
1297 1430 1342 1452 ex
1366 1420 1446 1454 hoc.

512 1477 625 1519 Spero
648 1482 763 1508 tamen
787 1484 852 1517 per
875 1485 953 1506 eum
976 1474 1035 1517 qui
1059 1473 1258 1507 consolatur
1280 1477 1446 1518 egenum'

511 1530 572 1563 Me
596 1529 671 1562 fieri
693 1529 798 1561 letam
821 1528 929 1561 michi
953 1527 1191 1560 conservando
1215 1537 1371 1560 severam

513 1581 724 1622 Mathildim,
746 1581 877 1614 claram
901 1580 1088 1618 dominam,
1111 1580 1282 1623 probitate
1306 1587 1424 1615 notata

397 1645 465 1678 1385
513 1635 628 1675 Omni,
653 1635 750 1669 cuius
774 1644 840 1679 ego
863 1634 966 1667 vitam
990 1644 1053 1676 per
1076 1634 1193 1667 secula
1216 1645 1356 1678 quaero.

2052 525 2072 540 c.
2087 522 2136 545 4⁶¹1

401 577 468 611 13⁶5

400 852 409 870 ι
418 851 470 878 370

400 1118 467 1145 ¹3⁷5

399 1378 469 1412 ¹380

2051 1549 2071 1564 c.
2083 1547 2109 1568 (7
2124 1548 2139 1562 r

800 1719 973 1752 Espmcrr
995 1728 1104 1752 mmm
1128 1728 1272 1752 munus.

69 1843 73 1852 2
115 1833 197 1859 “trix
218 1834 292 1859 obiit
311 1841 343 1859 xv
367 1833 505 1858 kalendas
530 1834 597 1867 maji
624 1835 652 1858 et
677 1833 708 1858 in
736 1831 885 1864 magnifica
910 1832 1008 1856 tumba

63 1901 75 1908 A
114 1877 214 1910 “apud
227 1876 365 1901 Maiorem
385 1876 542 1901 Ecclesiam
560 1875 634 1900 Pisis
654 1873 810 1900 honorifice
828 1873 939 1906 sepulta
957 1875 1008 1904 est,

1117 1832 1250 1865 Quamvis
1263 1832 1412 1862 peccatrix,
1431 1840 1486 1856 sum
1506 1833 1600 1857 domna
1620 1835 1716 1857 vocata
1738 1833 1851 1857 Beatrix
1987 1841 2022 1866 30

1120 1874 1149 1898 In
1169 1875 1269 1898 tumulo
1288 1873 1376 1903 missa,
1396 1882 1543 1906 quanquam
1555 1875 1664 1907 fuerim
1686 1875 1835 1903 Comitis-sa,

114 1919 174 1944 “ob
193 1920 272 1943 cuius
296 1920 485 1943 reverentiam
513 1917 672 1943 Comitissa
696 1916 829 1942 Matildis
853 1918 915 1940 eius
939 1916 1008 1944 filia,

79 1968 81 1971 ’
114 1961 128 1976 ”
137 1968 209 1994 quae
222 1961 297 1986 obiit
309 1968 386 1986 anno
399 1959 524 1986 MCXVI
541 1958 635 1993 (1115)
655 1959 811 1984 Ecclesiam
824 1958 957 1983 Pisanam
978 1959 1007 1982 in

72 2005 77 2007 “
114 2003 128 2018 ‘¹
137 2003 270 2032 Thuscia,
282 2004 311 2027 et
321 2002 502 2031 Lombardia‚
513 2001 626 2026 dotavit
637 2001 866 2034 possessionibus
876 2000 1009 2033 plurimis

67 2043 71 2046 ”
113 2045 166 2070 ‘et
183 2045 342 2070 honoribus
362 2045 505 2077 regalibus
524 2045 595 2069 satis
613 2044 696 2076 plene
710 2060 734 2075 „-

69 2093 71 2098 ¹
112 2089 202 2112 morte
215 2095 251 2112 va
263 2089 389 2112 corretto
408 2087 439 2111 in
462 2086 493 2111 18
511 2086 603 2119 aprile
622 2083 741 2111 anchhe
754 2085 788 2110 28
807 2092 886 2110 come
899 2085 961 2110 dice
980 2085 1008 2110 la

59 2127 66 2163 ‚s
114 2129 253 2155 Cronaca.
273 2130 350 2155 Mun.
388 2128 494 2158 Questn
515 2131 583 2154 nota
597 2129 672 2154 della
686 2128 815 2154 Cronaca
827 2128 863 2152 ha
876 2129 954 2153 certo
968 2136 1007 2152 re-

68 2166 70 2171 ’
111 2173 225 2198 lazione
244 2180 296 2197 con
316 2172 344 2197 la
363 2172 515 2197 iscrizione
528 2171 652 2203 scolpita
667 2171 711 2196 sul
729 2171 821 2196 fianco
834 2171 879 2195 del
892 2170 1008 2194 Duomo

66 2206 71 2210 v
111 2216 163 2241 che
185 2217 210 2240 ci
238 2222 321 2240 narra
346 2215 372 2239 le
398 2214 517 2239 vicende
542 2214 617 2239 della
639 2214 737 2239 tomba
758 2212 772 2226 “
783 2213 870 2237 Anno
896 2212 1006 2237 domini

771 2043 795 2067 n
814 2044 919 2076 giorno
933 2042 1009 2067 della

114 2257 128 2271 ⁴¹
138 2256 261 2283 MCXVI
278 2256 358 2289 (stile
373 2255 492 2291 pisano)
507 2262 537 2280 rx
549 2255 685 2280 kalendas
698 2256 812 2287 augusti
826 2254 903 2279 obiit
917 2254 1008 2279 dorni-

64 2313 67 2315 -
113 2300 174 2325 “ns
192 2300 316 2325 Matilda
336 2300 430 2325 felicIs
451 2299 593 2328 memorie,
613 2306 666 2331 que
685 2307 737 2331 pro
751 2299 845 2323 anima
858 2298 1008 2331 genitricis

63 2339 66 2342 ’
113 2342 127 2357 ¹⁴
137 2351 186 2368 sue
199 2343 314 2368 domine
326 2343 466 2368 Beatricis
479 2342 624 2367 comitisse
638 2341 810 2366 venerabilis
824 2341 854 2366 in
868 2341 922 2366 hoc
936 2342 1008 2365 tum-

57 2390 64 2418 ᾖ,
113 2384 172 2410 “ba
190 2385 356 2410 honorabili
371 2385 552 2417 quiescentis,
572 2385 604 2409 in
624 2384 722 2408 multis
743 2383 871 2415 partibus
890 2382 1008 2407 mirifice

59 2450 64 2464 ⁸,
113 2426 210 2452 “hauc
223 2427 338 2452 dotavit
356 2427 513 2456 ecclesiam,
533 2434 651 2459 quarum
671 2427 765 2450 anime
778 2426 957 2458 requiescant
978 2426 1007 2449 in

113 2468 127 2482 α
138 2476 213 2502 pace.
226 2469 315 2494 Anno
333 2469 445 2494 domini
463 2467 612 2494 MCCCIII
624 2468 674 2493 sub
688 2467 862 2500 dignissimo
876 2467 1008 2500 operario

55 2531 59 2535 .
113 2510 128 2525 ‘¹
138 2511 257 2537 domino
270 2511 438 2544 Burgundio
453 2510 524 2536 Tadi
539 2512 690 2536 occasione
701 2510 839 2543 graduum
852 2509 1007 2534 fiendorum

60 2580 65 2587 u
113 2553 186 2587 “per
205 2554 299 2587 ipsum
318 2553 413 2578 circha
433 2553 582 2578 ecclesiam
602 2552 805 2586 supradictam,
818 2552 915 2577 tumba
928 2559 1007 2584 supe-

58 2599 65 2627 ζ
113 2594 127 2609 “
138 2596 198 2620 rius
217 2596 365 2620 nominata
384 2595 429 2620 bis
448 2595 568 2620 translata
588 2595 643 2619 suit
657 2602 732 2620 nunc
746 2595 778 2619 de
792 2594 913 2626 sedibus,
929 2595 1007 2626 prius

61 2628 81 2658 ἰ
114 2637 168 2662 “in
186 2638 342 2667 ecclesiam,
358 2645 432 2662 nunc
453 2638 487 2662 de
506 2637 625 2662 ecclesia
646 2638 676 2662 in
695 2637 770 2662 hunc
790 2637 885 2662 locum
898 2639 932 2662 ut
949 2643 1007 2661 cer-

57 2693 63 2713 s
113 2678 127 2692 ¹¹
137 2680 210 2705 nitis
229 2680 413 2705 eccellentem
423 2698 447 2712 ,,.

58 2721 65 2738 ’-
113 2723 196 2747 santo
216 2722 342 2755 (portico
361 2720 603 2754 settentrionaie).
640 2722 708 2746 Alla
727 2722 824 2746 tomba
849 2728 896 2746 era
921 2728 1008 2754 appo-

50 2764 64 2776 “
112 2766 157 2790 sta
169 2764 197 2789 la
213 2766 281 2790 nota
300 2765 453 2790 iscrizione
465 2763 506 2796 (se
520 2771 579 2789 non
592 2763 606 2789 ὲ
620 2765 764 2796 piuttosto
784 2764 1009 2788 l’esercitazione

485 2678 589 2704 L’urna
607 2678 622 2705 ὲ
642 2679 742 2704 invece
761 2687 812 2704 ora
825 2679 871 2703 nel
886 2678 1007 2712 Campo-

113 2807 142 2832 di
162 2814 201 2831 un
222 2806 325 2840 retore)
344 2807 396 2832 che
415 2807 556 2832 troviamo
577 2807 623 2831 nel
642 2806 764 2831 Melloni
783 2806 927 2838 (Trattato
952 2807 1008 2831 del-

7 2833 9 2839 :
59 2858 61 2861 ’
113 2849 241 2882 Porxjgfne
267 2850 297 2874 di
324 2850 452 2878 Matilde,
477 2849 602 2878 Firenze,
631 2847 708 2882 1589)
733 2855 748 2872 e
774 2849 818 2873 nel
842 2848 1009 2873 Fiorentini

112 2889 257 2924 (Memorr'e
284 2892 358 2917 della
378 2900 455 2924 gran
482 2894 601 2916 contessa
625 2892 755 2920 Matilde,
779 2891 805 2915 11
830 2891 881 2920 ed„
906 2889 1007 2922 Lucca,

114 2932 191 2967 1736,
212 2941 239 2967 p.
262 2932 322 2967 163)
341 2935 392 2959 che
416 2934 445 2959 la
471 2934 590 2959 desunse
615 2933 651 2958 da
676 2941 734 2959 una
758 2941 879 2959 cronaca
898 2934 1008 2966 pisana.

113 2974 138 3000 11
157 2975 255 3000 codice
274 2977 411 3009 reggIano
437 2975 467 3000 di
492 2975 646 3000 Donizone
669 2977 694 3000 ci
719 2977 856 3008 permette
880 2974 907 2999 di
933 2982 1008 3000 com-

113 3016 235 3050 pletarla
254 3024 307 3042 con
328 3025 366 3042 un
386 3019 466 3043 terzo
489 3025 585 3042 verso:

1117 1917 1240 1950 Quilibet
1259 1924 1326 1948 ergo
1340 1919 1425 1947 pater
1443 1921 1540 1946 noster,
1560 1918 1607 1942 det
1618 1921 1673 1948 pro
1691 1926 1749 1942 mea
1769 1918 1860 1942 anima
1873 1922 1923 1942 ter.

1150 1958 1183 1983 V.
1203 1958 1236 1983 L.
1253 1958 1396 1988 Smnonx,
1416 1959 1456 1984 Le
1474 1960 1557 1984 tumbe
1585 1960 1664 1992 degli
1687 1960 1777 1984 ultimi
1799 1960 1908 1992 signori
1931 1962 1961 1985 di

1065 2002 1189 2033 Canossa,
1220 2001 1340 2032 Milano,
1367 2008 1444 2034 1924.
1473 2002 1584 2026 Arch.
1609 2001 1707 2027 Stor.
1738 2002 1957 2034 Lombardo,

1063 2051 1138 2068 anno
1159 2043 1204 2075 LI,
1223 2043 1290 2068 fasc.
1310 2050 1343 2068 1v
1362 2051 1376 2068 e
1396 2051 1421 2068 v.
1987 2056 2019 2081 35

1150 2095 1177 2110 v.
1196 2084 1272 2119 1363)
1290 2085 1380 2110 Verso
1399 2087 1523 2111 corretto
1544 2086 1590 2110 nel
1610 2087 1671 2111 cod.
1692 2088 1835 2111 vaticano.

1150 2137 1196 2153 vv.
1216 2127 1340 2160 1364-72)
1354 2128 1485 2153 L’orrore
1500 2129 1529 2153 di
1545 2128 1673 2153 Canossa
1688 2136 1737 2161 per
1750 2131 1850 2160 questo
1865 2136 1958 2154 aecor-

1062 2177 1122 2195 rerc
1142 2178 1157 2194 a
1177 2170 1242 2195 Pisa
1262 2171 1291 2195 di
1311 2171 1448 2196 orientali
1467 2171 1590 2195 insedeli
1614 2170 1629 2196 ὲ
1655 2172 1789 2200 retorico,
1812 2171 1958 2204 suggerito

1062 2213 1141 2237 dallo
1162 2219 1246 2245 scopo
1266 2210 1316 2245 pii:
1335 2214 1414 2238 sotto
1433 2213 1626 2238 chiaramente
1639 2215 1795 2238 enunziato
1809 2214 1838 2238 di
1852 2213 1960 2238 evitare

1062 2256 1112 2280 che
1132 2256 1251 2280 Matilde
1271 2263 1339 2288 pure
1359 2257 1382 2280 si
1405 2257 1509 2281 facesse
1528 2257 1679 2289 seppellire
1698 2257 1821 2281 lontano
1847 2257 1894 2281 dal
1914 2257 1959 2281 bel
1987 2264 2021 2290 40

1062 2298 1193 2331 sepolcro
1213 2298 1243 2322 di
1262 2297 1406 2323 Canossa:
1426 2299 1448 2323 il
1463 2298 1536 2324 Mur.
1556 2306 1670 2324 osserva
1690 2299 1764 2324 chei
1783 2299 1880 2323 Pisani
1896 2306 1959 2324 ave·

1062 2349 1137 2366 vano
1158 2341 1255 2365 invece
1275 2341 1403 2373 compito
1423 2341 1494 2366 forti
1512 2342 1592 2374 gesta
1612 2343 1712 2366 contro
1732 2341 1772 2374 gli
1794 2341 1924 2366 insedeli.

1151 2392 1177 2408 v.
1196 2384 1276 2415 1375)
1297 2384 1374 2408 urbes
1388 2384 1533 2415 periuras:
1553 2384 1619 2408 Pisa
1633 2384 1679 2409 nel
1696 2382 1760 2408 1081
1777 2390 1846 2408 avea
1860 2384 1960 2408 abban-

1063 2426 1171 2450 donato
1191 2426 1313 2451 Matilde
1332 2426 1486 2451 ricevendo
1506 2427 1542 2451 da
1561 2427 1666 2451 Enrico
1684 2426 1724 2450 1v
1744 2426 1764 2450 il
1785 2428 1856 2451 noto
1883 2426 1960 2451 favo-

1062 2469 1245 2493 revolissimo
1265 2469 1396 2502 diploma
1415 2468 1570 2502 (Sa-uun„
1590 2468 1679 2501 2836).
1987 2477 2018 2503 45

1151 2519 1178 2535 v.
1197 2511 1273 2543 1379)
1299 2511 1335 2536 D.
1361 2519 1419 2536 non
1446 2513 1550 2543 poteva
1575 2512 1703 2545 spiegare
1735 2518 1814 2535 come
1838 2510 1959 2535 Matilde

1062 2560 1131 2577 avea
1150 2554 1257 2578 sentito
1277 2554 1328 2578 che
1347 2561 1396 2587 per
1409 2554 1437 2578 la
1451 2554 1554 2583 madre,
1574 2554 1650 2586 dopo
1665 2553 1686 2577 il
1699 2560 1751 2578 suo
1766 2554 1888 2578 secondo
1901 2561 1959 2577 ma-

1062 2595 1210 2624 trimonio,
1230 2603 1287 2620 non
1307 2603 1394 2621 erano
1413 2596 1507 2621 adatti
1527 2595 1561 2621 ne
1581 2596 1603 2620 il
1623 2596 1751 2628 sepolcro
1772 2595 1800 2620 di
1821 2595 1958 2620 Mantova

1062 2645 1159 2670 presso
1179 2638 1343 2668 Bonisacio,
1369 2637 1403 2663 ne
1430 2639 1526 2671 quello
1553 2639 1581 2663 di
1610 2638 1746 2669 Canossa,
1771 2637 1872 2671 perch‘e
1897 2645 1958 2663 essa

1062 2688 1130 2705 avea
1150 2682 1259 2705 cessato
1279 2680 1308 2705 di
1328 2688 1420 2705 essere
1439 2689 1495 2706 una
1515 2679 1652 2706 Canossa.
1673 2694 1705 2698 --
1726 2680 1854 2704 Beatrice
1876 2688 1923 2705 era
1943 2688 1958 2705 a
1986 2687 2020 2714 50

1062 2721 1128 2747 Pisa
1146 2722 1184 2746 fin
1204 2723 1251 2747 dal
1274 2727 1303 2754 ις
1322 2730 1429 2754 marzo,
1449 2721 1550 2755 perch'e
1570 2730 1607 2747 un
1622 2723 1793 2748 documento
1814 2723 1885 2747 cela
1898 2730 1958 2747 mo-

1062 2767 1120 2789 stra
1138 2765 1179 2789 ivi
1202 2766 1231 2789 in
1243 2765 1375 2798 giudizio
1393 2773 1447 2790 con
1468 2766 1494 2790 la
1513 2765 1591 2799 figlia
1612 2763 1728 2796 (Arch.
1748 2764 1841 2790 Stor.
1861 2764 1957 2794 Ital„

1061 2807 1088 2832 S.
1107 2807 1155 2837 111,
1176 2808 1233 2832 vol.
1255 2807 1295 2838 18,
1315 2816 1341 2842 p.
1362 2815 1414 2841 302
1433 2815 1448 2833 e
1468 2808 1653 2838 OvunMANN,
1673 2811 1715 2839 op.
1733 2808 1786 2839 cit„
1810 2807 1880 2841 137).

1150 2858 1178 2875 v.
1196 2850 1276 2881 1385)
1294 2850 1307 2874 1
1326 2852 1399 2875 versi
1414 2851 1571 2875 diventano
1588 2857 1656 2882 1400
1671 2851 1746 2874 circs.
1759 2857 1788 2874 se
1801 2850 1826 2874 si
1838 2850 1958 2883 aggiun-

1062 2899 1139 2924 gono
1160 2893 1168 2916 i
1189 2893 1231 2917 tre
1251 2892 1296 2917 dei
1315 2892 1395 2917 titoli
1416 2893 1462 2917 dei
1481 2892 1628 2926 prologhi,
1647 2892 1736 2924 quelli
1762 2892 1835 2917 delle
1853 2894 1958 2918 minia—
1986 2900 2017 2927 55

1061 2936 1124 2959 ture
1143 2934 1193 2958 che
1212 2941 1283 2959 sono
1303 2935 1404 2967 cinque
1427 2942 1441 2958 e
1461 2935 1487 2959 ai
1507 2936 1622 2966 quattro
1643 2935 1672 2958 in
1689 2934 1763 2958 calce
1782 2934 1809 2958 al
1830 2941 1890 2967 cap.
1909 2935 1957 2964 VI,

1064 2977 1165 3001 omessi
1181 2976 1227 3001 dal
1242 2976 1410 3001 Bethmann.
1448 2976 1485 3000 Al
1505 2984 1625 3001 severam
1640 2976 1684 3002 del
1696 2984 1723 3001 v,
1740 2975 1806 3008 1383
1821 2976 1849 3001 la
1861 2976 1957 3009 glossa

1063 3018 1172 3051 spiega:
1193 3019 1292 3044 bonam.
