2288 3476
159 200 253 235 11021
644 192 890 229 HISTORIA
917 191 1347 229 MEDIOLANENSIS
1888 190 1906 230 7

63 336 124 371 ηιμ·
153 324 204 363 iis,
226 323 388 357 videlicet
410 324 453 356 de
476 323 630 368 Badaglo
654 330 688 358 et
711 325 755 357 de
778 324 978 367 Vareghte,
1003 335 1022 356 a
1045 323 1268 357 Yerosolimis
1290 322 1526 362 redeuntibus,
1551 322 1678 366 ellegit.
1726 322 1797 355 Sed
1820 322 1909 354 Gro-

114 377 227 411 ·lanus
250 377 294 410 de
316 377 447 410 absenti
471 387 618 419 persona
642 377 847 410 electionem
863 377 935 410 fieri
958 377 1143 419 prohibuit.
1189 377 1273 409 Pars
1295 377 1413 419 itaque
1438 376 1524 408 cleri
1541 381 1577 408 et
1591 375 1712 418 populi
1730 376 1774 408 ad
1790 380 1909 407 nutum

140 431 235 470 ialdi,
259 430 367 463 abatis
389 431 588 463 monasterii
610 431 723 463 sancti
745 431 915 474 Dyonisii,
938 431 1099 463 clamavit
1121 436 1155 463 et
1171 430 1325 463 laudavit
1349 429 1576 462 Grosulauum
1601 429 1663 461 sibi
1678 429 1713 460 in
1736 428 1909 471 archiepi-

75 483 87 516 ,“
134 493 242 526 ·pum.
287 483 365 526 Ipse
388 493 482 521 vero,
506 484 618 516 statim
640 489 679 517 ut
701 483 789 516 vidit
812 493 848 516 se
871 494 891 516 a
915 484 1062 527 quadam
1086 494 1210 528 magna
1233 483 1448 515 multitudine
1471 482 1565 525 vulgi
1582 488 1616 514 et
1638 482 1803 514 nobilium
1827 491 1909 514 con-

82 528 88 563 ³÷
109 537 271 570 lamatum
293 542 328 569 et
349 536 393 569 ab
416 536 518 570 abate
540 536 600 569 illo
616 537 825 579 plaudatum,
850 536 1181 579 archiepiscopalem
1203 536 1320 568 sedem
1343 535 1503 568 ascendit
1519 542 1552 567 et
1567 535 1668 568 sedit.
1714 535 1758 567 Et
1774 535 1908 572 sedens,

78 585 180 622 'iilum
202 588 385 622 Arialdum
406 589 541 622 abatem
565 590 608 622 de
633 589 748 622 abatia
770 590 806 622 in
829 590 976 623 abatiam
1000 590 1166 622 maiorem
1189 589 1356 621 videlicet
1378 588 1617 622 Clavatensem
1629 588 1648 630 ¹,
1672 588 1853 621 transtulit.

72 734 84 740 Μ
175 695 204 727 8.
229 713 270 718 —-
287 694 358 728 Sed
373 701 452 729 ante
468 695 568 728 huius
583 695 840 729 translationem
865 695 1025 739 contigit,
1048 695 1141 738 quod
1164 695 1316 738 quidam,
1332 694 1390 738 qui
1412 694 1618 726 videbantur
1640 694 1705 726 viri
1730 699 1763 726 et
1787 694 1908 726 clerici

71 740 90 782 'i
126 747 378 786 ediolanenses,
394 749 542 791 quedam
557 749 671 791 turpia
684 748 695 766 ²
719 749 763 782 de
781 748 972 781 Grosulano
989 755 1022 781 et
1039 749 1083 780 de
1099 748 1172 781 eius
1187 748 1370 780 ellectione
1393 748 1587 790 presbitero
1603 747 1782 790 Liprando
1798 747 1911 779 notifi-

68 795 262 834 caverunt.
309 800 444 839 Quibus
458 801 539 833 viris
555 807 588 834 et
605 802 740 834 clericis
764 802 934 844 presbiter
948 802 1022 843 ipse
1038 801 1237 834 conscilium
1254 800 1401 843 prebuit,
1417 806 1453 833 ut
1468 801 1585 832 literas
1602 806 1635 832 et
1652 801 1738 832 duos
1752 801 1908 844 ydoneos

65 853 233 899 „elericos
255 854 416 887 miterent
438 854 599 893 Romam,
631 856 786 899 rogando
816 855 945 897 Papam
959 856 982 895 ⁸,
1005 861 1173 898 quatenus
1204 854 1430 886 Grosolanum
1455 854 1491 885 in
1521 854 1818 895 archiepiscopatu
1842 864 1910 886 non

58 906 246 946 §fix-maret,
277 908 391 940 donec
413 918 450 940 se
473 907 576 950 ipsos,
599 908 762 941 mitentes
785 908 910 946 literas,
933 908 967 939 in
990 908 1149 950 proximo
1173 913 1327 949 tempore
1357 907 1495 939 videret
1517 913 1552 938 et
1574 907 1715 939 audiret.
1763 907 1909 939 Bernar-

58 959 61 977 ³
86 960 174 994 dus⁴
197 966 323 999 autem,
347 960 428 994 abas
451 961 622 994 Umbrose
646 961 756 994 Vallis
771 966 805 993 et
828 961 1013 994 cardinalis
1035 961 1222 998 Romanus,
1246 961 1290 992 ad
1306 961 1368 992 has
1390 960 1506 992 literas
1523 966 1557 991 et
1573 960 1719 998 nuntios,
1743 960 1909 993 videlicet

6 1005 7 1010 ¹
50 1013 288 1053 Obizenem,
312 1014 371 1057 qui
393 1014 655 1058 cognominatur
678 1014 834 1058 Nigrum,
859 1021 893 1046 et
916 1014 1135 1047 Heribertum
1157 1013 1201 1046 de
1225 1013 1394 1052 Bruzano,
1418 1019 1702 1055 contempnentes
1726 1014 1908 1049 Grosulani

66 1077 220 1103 §causam
242 1067 418 1111 ipsiusque
432 1066 443 1084 ⁵
466 1067 658 1110 legatorum
688 1067 804 1106 verba,
827 1067 990 1100 videlicet
1021 1066 1181 1099 Arderici
1204 1067 1247 1099 de
1272 1067 1447 1099 Carimate
1471 1072 1505 1098 et
1529 1066 1693 1098 Iohannis
1724 1067 1907 1108 presbiteri

63 1127 69 1162 j
83 1120 127 1153 de
143 1119 292 1153 Ploltelo
308 1130 425 1153 coram
449 1121 640 1163 apostolico
655 1127 690 1153 et
706 1121 779 1153 eius
795 1121 889 1153 curia
906 1131 975 1154 non
998 1120 1164 1162 respexit;
1189 1120 1248 1152 sed
1272 1125 1418 1161 accepta
1440 1119 1537 1156 stola,
1555 1119 1697 1151 curiam'
1715 1121 1906 1153 comitissae

36 1185 60 1207 γ·
81 1173 235 1206 Matildis
257 1173 408 1206 intravit.
453 1173 574 1217 Ibique
598 1174 683 1206 inito
707 1174 872 1206 conscilio
896 1173 930 1205 in
953 1173 1170 1215 beneplacito
1193 1172 1355 1206 Arderici
1379 1173 1423 1204 de
1446 1172 1631 1210 Carimate,
1656 1173 1713 1215 qui
1736 1184 1800 1215 pro
1817 1174 1907 1207 Gro-

34 1240 35 1243 ¹
60 1256 61 1261 ,
81 1226 200 1259 sulano
225 1232 259 1259 et
281 1227 382 1259 stolla
403 1227 552 1260 Romam
574 1227 695 1266 iverat,
718 1227 825 1260 abbas
841 1226 899 1258 ille
915 1227 1113 1259 Bernardus
1137 1226 1373 1259 Mediolanum
1398 1226 1516 1258 venire
1539 1226 1725 1259 festinavit.
1771 1227 1815 1259 Et
1829 1239 1907 1260 cum

50 1287 65 1298 “
81 1279 205 1323 procul
227 1279 395 1312 vidissent
417 1278 666 1318 Mediolanum,
691 1280 881 1313 Ardericus
903 1280 994 1312 idem
1016 1280 1051 1311 in
1073 1279 1227 1321 protensi
1241 1282 1253 1299 ⁶
1275 1279 1374 1322 virga
1395 1289 1505 1321 usque
1528 1280 1573 1311 ad
1596 1280 1760 1323 majorem
1792 1281 1906 1313 eccle-

34 1375 35 1378 Ἴ
50 1330 59 1373 j
81 1332 165 1365 siam
181 1332 329 1366 civitatis
343 1333 504 1376 portavit,
522 1332 721 1366 clamando:
744 1335 758 1350 ‘⁴
771 1333 905 1366 Hecum
922 1333 955 1365 la
970 1333 1068 1371 stola,
1084 1332 1210 1365 hecum
1229 1332 1260 1364 la
1277 1332 1365 1364 stola
1377 1356 1391 1372 „
1410 1334 1432 1364 ⁷.
1471 1332 1516 1364 Et
1531 1332 1567 1363 in
1583 1333 1649 1364 hoc
1667 1333 1815 1366 clamore
1832 1334 1907 1375 ple-

45 1383 49 1412 ·ss
81 1386 202 1418 nitudo
218 1386 311 1428 vulgi
327 1386 393 1418 fuit
409 1392 443 1418 et
459 1385 680 1419 acclamavit:
708 1386 723 1402 ‘⁴
737 1387 918 1425 Moriatur,
935 1387 1140 1430 quicumque
1158 1386 1406 1419 contradixerit
1417 1410 1447 1426 ,,.
1494 1385 1632 1418 Clamor
1646 1386 1711 1418 iste
1728 1386 1850 1428 ingens
1874 1393 1908 1419 et

27 1428 54 1482 ,’“’·Ῑ’
81 1439 265 1472 continuus
279 1438 356 1480 fuit,
373 1438 486 1472 donec
510 1438 616 1471 abbas
630 1439 692 1471 ille
709 1439 895 1472 cardinalis
910 1445 945 1471 et
961 1440 1170 1472 Grosulanus
1192 1439 1360 1481 pulpitum
1377 1438 1516 1470 maioris
1540 1439 1690 1470 ecclesie
1714 1439 1907 1472 Mediolani

80 1491 247 1535 ascendit.
292 1491 338 1524 Et
360 1502 438 1524 cum
461 1498 605 1535 uterque
629 1492 676 1525 ibi
699 1493 904 1526 videbantur
919 1493 955 1525 in
971 1492 1065 1524 victu
1088 1492 1214 1530 afflicti,
1231 1492 1265 1524 in
1282 1492 1408 1524 vestitu
1431 1491 1572 1530 dimissi,
1595 1492 1631 1523 in
1654 1502 1811 1524 sermone
1828 1503 1906 1535 pre-

32 1573 39 1591 Α]
80 1543 191 1583 clari,'
213 1550 343 1578 tantum
366 1545 522 1587 plausum
554 1545 736 1578 audierunt
758 1545 832 1585 sibi,
855 1545 963 1578 veluti
985 1545 1014 1577 si
1036 1555 1122 1587 pure
1145 1546 1263 1577 forent
1286 1544 1399 1588 angeli
1424 1544 1500 1576 Dei.
1545 1544 1666 1587 Ibique
1691 1545 1903 1578 Grosulanus

79 1598 168 1631 stola
189 1598 347 1635 indutus;
370 1603 405 1630 et
428 1597 521 1637 abas,
545 1598 581 1630 in
604 1608 665 1630 suo
689 1604 845 1640 tempore
868 1605 1117 1637 remuneratus,
1140 1598 1271 1641 quievit
1294 1603 1328 1630 et
1350 1598 1504 1636 recessit,
1527 1604 1561 1630 et
1584 1604 1662 1640 post
1684 1608 1813 1639 paucos
1830 1598 1906 1631 dies

75 1651 113 1684 in
135 1651 247 1695 gratia
268 1652 428 1694 predicte
452 1651 647 1684 comitissae
672 1650 826 1685 Matildis
849 1652 943 1684 idem
966 1652 1050 1685 abas
1072 1651 1294 1684 Parmensem
1318 1651 1554 1694 episcopatum
1576 1652 1740 1693 suscepit.

165 1757 194 1789 9.
222 1775 261 1781 -
287 1757 500 1790 Grosulanus
515 1768 611 1798 vero,
629 1758 848 1790 consentiens
870 1758 1018 1790 humane
1034 1757 1226 1800 fragilitati,
1243 1767 1322 1789 usus
1338 1763 1389 1789 est
1404 1757 1493 1789 cibis
1516 1757 1688 1789 delitiosis
1705 1764 1739 1789 et
1754 1758 1905 1790 vestibus

33 1801 34 1804 Ἴ
75 1810 244 1852 pretiosis,
265 1816 369 1853 atque
385 1810 486 1852 petiit
501 1810 739 1855 subcingulum
751 1813 774 1850 ⁸,
798 1821 865 1854 quo
881 1811 1048 1853 presbiter
1070 1810 1267 1853 Liprandus
1290 1810 1469 1842 fruebatur
1491 1810 1524 1841 in
1542 1811 1654 1843 officio
1670 1811 1770 1844 misse
1786 1822 1905 1843 secun-

77 1863 157 1896 dum
175 1873 307 1895 morem
329 1863 525 1896 cardinalis.
571 1863 642 1896 Sed
657 1864 830 1906 presbiter
845 1864 918 1906 ipse
934 1864 1047 1906 ipsum
1065 1863 1238 1907 cingulum
1263 1863 1456 1896 Grosulano
1474 1864 1557 1896 dare
1573 1864 1723 1907 negavit.
1770 1864 1902 1896 Deinde

74 1916 149 1958 ipse
164 1916 447 1958 archiepiscopus
470 1927 702 1959 quoscumque
719 1927 787 1949 non
802 1917 916 1959 potuit
932 1916 995 1949 sibi
1011 1917 1183 1955 blandire,
1199 1917 1379 1959 temptavit
1394 1917 1496 1949 minis
1510 1922 1654 1954 terrere,
1677 1916 1903 1959 presbiterum

75 1968 292 2012 Liprandum
314 1969 491 2011 precipue.
537 1969 609 2008 Qui
632 1970 814 2012 presbiter,
838 1980 915 2002 cum
939 1976 1028 2003 esset
1044 1980 1161 2002 coram
1178 1976 1303 2002 cuncto
1320 1970 1449 2012 populo
1466 1970 1560 2002 urbis
1583 1970 1775 2002 Mediolani
1797 1971 1903 2002 inter-

76 2028 226 2066 rogatus,
249 2022 376 2065 inquit:
404 2022 419 2038 “
434 2021 548 2060 Quam
566 2023 681 2065 plures
697 2024 741 2056 de
756 2023 814 2056 hic
831 2023 1098 2056 consedentibus
1115 2029 1149 2055 et
1164 2023 1330 2055 stantibus
1347 2023 1390 2055 ad
1406 2023 1543 2056 libitum
1559 2034 1656 2055 suum
1672 2023 1906 2066 placitumque

3 2110 5 2114 Α
20 2074 33 2122 μ’
83 2077 98 2093 ⁴⁴
109 2081 203 2108 tuum
225 2075 331 2108 locuti
345 2081 435 2114 sunt,
452 2081 555 2119 atque
571 2076 615 2108 de
630 2076 740 2109 literis
755 2077 902 2109 Romam
918 2077 1038 2113 missis,
1054 2082 1197 2119 propter
1214 2087 1297 2119 quas
1313 2087 1413 2118 super
1428 2087 1482 2108 me
1498 2076 1662 2115 intendis,
1686 2076 1748 2108 tibi
1764 2086 1906 2118 respon-

29 2123 31 2126 ’
81 2128 95 2145 “
111 2129 245 2162 derunt.
292 2127 398 2167 Quod
420 2128 448 2161 si
471 2129 522 2161 vis
546 2140 657 2161 meum
679 2130 762 2162 inde
786 2130 915 2163 habere
938 2139 1152 2171 responsum,
1176 2129 1232 2161 dic
1250 2129 1365 2168 michi,
1382 2129 1410 2160 si
1426 2130 1479 2162 vis
1493 2135 1532 2161 ut
1555 2129 1667 2162 dicam
1685 2129 1747 2162 tibi
1773 2141 1903 2168 verum,

169 2245 211 2270 26.
224 2245 271 2270 VI.
291 2244 473 2271 Grossulanus
491 2245 574 2271 voluit
590 2246 731 2279 presbitero
748 2247 887 2279 Lipromdo
904 2246 1004 2272 bullam
1022 2247 1196 2279 exemptionis
1214 2247 1325 2278 auferre,
1344 2247 1408 2272 dum
1426 2246 1551 2278 fateretur
1568 2254 1595 2271 se
1614 2247 1773 2272 adversariis
1790 2247 1886 2278 favisse

167 2341 191 2367 5.
210 2333 389 2367 plaudatum]
407 2333 429 2359 il
445 2334 528 2360 SAss1
545 2337 662 2368 propone
680 2335 709 2360 di
726 2335 822 2368 leggm
841 2337 1005 2369 paludatum
1019 2351 1051 2354 —
1066 2342 1090 2367 7.
1109 2337 1170 2361 Una
1187 2344 1267 2361 mano
1284 2336 1424 2368 posteriore
1443 2335 1478 2360 ka
1494 2335 1603 2360 inserito
1615 2336 1646 2360 in
1664 2336 1692 2360 N
1704 2343 1717 2360 ε
1730 2336 1754 2360 R
1766 2336 1794 2360 la
1811 2335 1904 2368 parola

78 2377 171 2410 probi,
189 2376 233 2401 che
251 2376 389 2402 dev'ossm
407 2377 522 2409 stuggita
540 2377 748 2403 all'amanuense
760 2378 789 2403 di
802 2378 832 2403 H
845 2393 877 2397 —
892 2386 933 2411 24.
953 2381 1026 2412 post.
1038 2397 1044 2403 .
1057 2398 1062 2404 .
1074 2396 1081 2404 .
1101 2378 1172 2411 dies]
1186 2378 1208 2403 il
1221 2379 1304 2403 SAssr
1323 2378 1440 2403 vorrebbe
1458 2385 1600 2410 correggere
1613 2380 1678 2411 post
1691 2386 1794 2411 paucos
1808 2386 1900 2403 annos

163 2463 172 2481 ¹
190 2466 243 2490 Per
255 2467 362 2498 quanto
375 2466 386 2490 Ι
399 2466 490 2490 codici
505 2466 626 2491 abbiano
640 2466 849 2492 Clanvalensem
862 2466 961 2501 (Chia-
1016 2466 1083 2501 pero
1103 2469 1201 2500 questo
1220 2467 1452 2492 vallembrosano
1471 2468 1515 2492 col
1543 2467 1649 2491 celebre
1675 2475 1725 2491 san
1751 2467 1904 2497 Bernardo,

75 2507 195 2540 ravalle)
219 2510 243 2533 si
270 2508 338 2533 deve
363 2509 473 2542 leggere
495 2508 676 2535 ctavaeensem
699 2509 836 2543 (Clvate),
861 2510 961 2544 poiche
1014 2511 1096 2535 abate
1115 2510 1142 2534 di
1164 2510 1347 2534 Chiaravalle
1371 2509 1557 2542 (1091-1153),
1582 2510 1627 2534 del
1653 2509 1735 2541 quale
1759 2509 1903 2534 Landolfo

75 2550 192 2576 l'abazla
211 2551 240 2575 di
260 2550 443 2576 Chiaravalle
463 2559 522 2576 non
534 2559 582 2577 era
595 2560 698 2578 ancora
711 2555 796 2578 sorta.
824 2553 869 2578 Cf.
889 2553 961 2579 Gm-
1015 2554 1095 2586 parla
1115 2553 1140 2578 al
1161 2561 1188 2577 n.
1208 2551 1252 2577 61.

75 2599 147 2625 um,
167 2593 216 2623 IV,
235 2598 296 2625 471.
1102 2594 1114 2611 δ
1134 2593 1206 2620 Cloe
1225 2596 1253 2620 di
1273 2594 1460 2620 Grossolano.

162 2633 174 2650 ²
192 2634 238 2660 Cf.
258 2643 311 2660 con
331 2638 439 2668 quanto
458 2634 473 2661 ὲ
491 2636 571 2661 detto
591 2637 619 2662 al
639 2645 665 2662 n.
688 2644 727 2662 12.
1103 2635 1114 2653 ⁸
1133 2638 1203 2662 Pare
1222 2638 1246 2662 si
1266 2638 1354 2662 debba
1373 2638 1484 2671 leggere
1503 2639 1635 2669 protensa.

162 2675 173 2692 ⁸
192 2677 331 2710 Pasquale
348 2678 384 2704 11.
1101 2679 1112 2696 ⁷
1131 2680 1238 2709 Questa
1256 2682 1436 2713 espressione
1454 2681 1608 2705 dev’essere
1622 2680 1666 2704 del
1681 2680 1849 2712 linguaggio
1863 2680 1903 2704 al-

161 2717 172 2735 *
184 2718 299 2744 L'abate
309 2719 452 2744 Bernardo
465 2719 578 2752 (quarto
591 2722 735 2753 superiore
744 2722 874 2754 generale
885 2722 959 2746 della
1015 2722 1078 2748 lora
1096 2724 1210 2756 parlato
1230 2725 1259 2747 in
1280 2723 1400 2748 Milano.
1436 2723 1522 2747 Ecum
1532 2732 1566 2744 =
1577 2730 1631 2747 ecce
1649 2721 1700 2747 hic.

0 2753 9 2801 ξ.
73 2767 123 2785 sua
150 2760 395 2794 Congmgazione,
419 2770 434 2787 e
462 2764 555 2788 creato
582 2763 627 2788 nel
654 2769 722 2795 1097
746 2764 891 2789 cardinale
915 2764 960 2788 del
1101 2763 1112 2781 ⁸
1130 2765 1154 2790 11
1174 2765 1266 2798 Magri
1285 2764 1429 2798 (Manus,
1448 2765 1642 2793 Hieremiam,
1668 2764 1801 2793 venezia,
1824 2763 1903 2797 1712)

72 2803 160 2828 tit-010
174 2804 204 2829 dt
221 2804 277 2829 San
297 2803 459 2838 Crisogono
479 2806 514 2830 da
533 2806 649 2831 Urbano
667 2806 706 2838 11)
727 2807 847 2839 fungeva
861 2807 896 2832 da
908 2807 959 2832 Le-
1015 2808 1075 2832 dice
1095 2808 1144 2831 che
1162 2810 1262 2839 questo
1283 2807 1449 2832 indumento
1470 2815 1549 2831 sacro
1570 2815 1626 2831 non
1647 2805 1661 2831 *e
1686 2804 1736 2838 piu
1757 2808 1785 2830 in
1805 2814 1865 2835 uso,
1885 2814 1902 2831 ο

71 2847 138 2878 gato
151 2854 166 2871 e
178 2846 295 2871 vicario
307 2847 480 2880 Apostolico
499 2849 527 2872 di
547 2847 685 2881 Pasquale
697 2849 724 2873 11
737 2850 767 2874 in
780 2849 960 2874 Lombardia.
1014 2857 1062 2881 per
1087 2849 1116 2874 lo
1136 2857 1217 2874 meno
1231 2850 1260 2874 lo
1273 2857 1322 2874 usa
1336 2851 1424 2874 ormai
1440 2849 1501 2873 solo
1515 2850 1537 2873 il
1551 2857 1669 2873 romano
1683 2848 1829 2882 pontefice.
1842 2847 1902 2872 Ριιὸ

72 2887 115 2912 Fu
124 2889 273 2913 nominato
285 2896 406 2913 vescovo
417 2889 448 2913 di
456 2889 557 2914 Parma
568 2889 613 2914 nel
628 2889 704 2921 1106,
716 2897 731 2915 e
742 2890 812 2915 morl
825 2891 869 2916 nel
883 2898 959 2924 ¹¹33·
1014 2892 1088 2916 darsi
1114 2892 1163 2916 che
1183 2890 1208 2916 a'l
1229 2893 1324 2923 tempo
1345 2891 1375 2916 di
1394 2891 1537 2915 Landolfo
1558 2892 1707 2915 l’usassero
1728 2891 1737 2915 i
1756 2890 1903 2915 cardinales

0 2937 45 2963 τις
72 2929 274 2963 Apparteneva
287 2930 344 2955 alla
361 2931 490 2964 famiglla
503 2931 655 2956 florentina
674 2932 750 2965 degli
766 2932 874 2964 Uberti,
892 2933 926 2958 ed
945 2931 959 2958 ὲ
1013 2934 1087 2958 della
1106 2934 1201 2958 chiesa
1220 2934 1363 2964 milanese‚
1383 2932 1444 2958 eloe
1464 2935 1471 2957 i
1493 2935 1626 2958 canonici
1645 2933 1719 2957 della
1737 2933 1903 2966 Metropoli-

72 2974 208 2997 venerato
226 2972 303 2997 dalla
329 2972 432 2998 Chiesa
457 2981 534 2998 come
559 2976 652 2999 santo.
675 2974 740 2999 Non
766 2976 789 2999 si
815 2975 959 3000 confonda
1013 2978 1089 3001 tana.
1125 2976 1148 3000 11
1168 2975 1325 3001 distintivo
1344 2975 1511 3008 significava
1531 2976 1604 3000 forse
1623 2976 1803 3000 l'esenzlone.

1932 2600 1965 2618 20

1931 2812 1963 2839 ²5

1990 1132 2010 1148 C.
2025 1132 2074 1151 75r

1971 1556 2046 1581 Μυκη
2061 1561 2100 1581 477
