<?xml version="1.0" encoding="UTF-8"?>
<!DOCTYPE html PUBLIC "-//W3C//DTD XHTML 1.0 Transitional//EN"
    "http://www.w3.org/TR/xhtml1/DTD/xhtml1-transitional.dtd">
<html xmlns="http://www.w3.org/1999/xhtml" xml:lang="en" lang="en">
 <head>
  <title>
</title>
<meta http-equiv="Content-Type" content="text/html;charset=utf-8" />
  <meta name='ocr-system' content='tesseract 3.04.00' />
  <meta name='ocr-capabilities' content='ocr_page ocr_carea ocr_par ocr_line ocrx_word'/>
</head>
<body>
  <div class='ocr_page' id='page_1' title='image "./rerumitalicarums523murauoft_0160.png"; bbox 0 0 2288 3476; ppageno 0'>
   <div class='ocr_carea' id='block_1_1' title="bbox 1115 235 1566 272">
    <p class='ocr_par' dir='ltr' id='par_1_1' title="bbox 1115 235 1566 272">
     <span class='ocr_line' id='line_1_1' title="bbox 1115 235 1566 272; baseline 0 -1"><span class='ocrx_word' id='word_1_1' title='bbox 1115 235 1244 271; x_wconf 88' lang='lat' dir='ltr'>VITA</span> <span class='ocrx_word' id='word_1_2' title='bbox 1272 235 1566 272; x_wconf 91' lang='lat' dir='ltr'>MATHILDIS</span> 
     </span>
    </p>
   </div>
   <div class='ocr_carea' id='block_1_2' title="bbox 811 358 1852 1042">
    <p class='ocr_par' dir='ltr' id='par_1_2' title="bbox 811 358 1779 610">
     <span class='ocr_line' id='line_1_2' title="bbox 817 358 1779 405; baseline 0.001 -14"><span class='ocrx_word' id='word_1_3' title='bbox 817 358 897 397; x_wconf 91' lang='lat' dir='ltr'>Quo</span> <span class='ocrx_word' id='word_1_4' title='bbox 920 359 1014 391; x_wconf 88' lang='lat' dir='ltr'>Deus</span> <span class='ocrx_word' id='word_1_5' title='bbox 1037 359 1201 402; x_wconf 86' lang='lat' dir='ltr'>Assyrios</span> <span class='ocrx_word' id='word_1_6' title='bbox 1225 359 1398 402; x_wconf 87' lang='lat' dir='ltr'>quondam</span> <span class='ocrx_word' id='word_1_7' title='bbox 1422 359 1611 405; x_wconf 62' lang='lat' dir='ltr'>stupefecit</span> <span class='ocrx_word' id='word_1_8' title='bbox 1633 359 1779 403; x_wconf 86' lang='lat' dir='ltr'>iniquos,</span> 
     </span>
     <span class='ocr_line' id='line_1_3' title="bbox 816 411 1704 451; baseline 0.001 -7"><span class='ocrx_word' id='word_1_9' title='bbox 816 412 966 450; x_wconf 88' lang='lat' dir='ltr'><strong>Quando</strong></span> <span class='ocrx_word' id='word_1_10' title='bbox 990 411 1181 444; x_wconf 87' lang='lat' dir='ltr'>Samariam</span> <span class='ocrx_word' id='word_1_11' title='bbox 1206 412 1508 451; x_wconf 88' lang='lat' dir='ltr'>circundederant,</span> <span class='ocrx_word' id='word_1_12' title='bbox 1532 412 1607 444; x_wconf 70' lang='lat' dir='ltr'>fere</span> <span class='ocrx_word' id='word_1_13' title='bbox 1627 412 1704 445; x_wconf 83' lang='lat' dir='ltr'>dira</span> 
     </span>
     <span class='ocr_line' id='line_1_4' title="bbox 814 464 1751 507; baseline 0.001 -10"><span class='ocrx_word' id='word_1_14' title='bbox 814 464 1068 507; x_wconf 87' lang='lat' dir='ltr'>Pervalidaque</span> <span class='ocrx_word' id='word_1_15' title='bbox 1092 465 1185 496; x_wconf 73' lang='lat' dir='ltr'>fame</span> <span class='ocrx_word' id='word_1_16' title='bbox 1209 465 1286 496; x_wconf 83' lang='lat' dir='ltr'>fore</span> <span class='ocrx_word' id='word_1_17' title='bbox 1310 465 1438 497; x_wconf 88' lang='lat' dir='ltr'>victam</span> <span class='ocrx_word' id='word_1_18' title='bbox 1463 475 1529 497; x_wconf 88' lang='lat' dir='ltr'>nec</span> <span class='ocrx_word' id='word_1_19' title='bbox 1551 464 1751 506; x_wconf 86' lang='lat' dir='ltr'>titubarent,</span> 
     </span>
     <span class='ocr_line' id='line_1_5' title="bbox 812 517 1744 560; baseline 0.002 -11"><span class='ocrx_word' id='word_1_20' title='bbox 812 517 967 560; x_wconf 86' lang='lat' dir='ltr'><strong>Surgunt</strong></span> <span class='ocrx_word' id='word_1_21' title='bbox 989 523 1094 550; x_wconf 80' lang='lat' dir='ltr'>nocte</span> <span class='ocrx_word' id='word_1_22' title='bbox 1116 522 1205 550; x_wconf 87' lang='lat' dir='ltr'>tetra</span> <span class='ocrx_word' id='word_1_23' title='bbox 1227 517 1434 556; x_wconf 79' lang='lat' dir='ltr'>tremefacti,</span> <span class='ocrx_word' id='word_1_24' title='bbox 1459 517 1610 558; x_wconf 83' lang='lat' dir='ltr'>vascula,</span> <span class='ocrx_word' id='word_1_25' title='bbox 1632 519 1744 558; x_wconf 80' lang='lat' dir='ltr'>frena,</span> 
     </span>
     <span class='ocr_line' id='line_1_6' title="bbox 811 570 1603 610; baseline 0.001 -8"><span class='ocrx_word' id='word_1_26' title='bbox 811 571 974 602; x_wconf 84' lang='lat' dir='ltr'>Diversas</span> <span class='ocrx_word' id='word_1_27' title='bbox 997 576 1120 609; x_wconf 84' lang='lat' dir='ltr'>vestes,</span> <span class='ocrx_word' id='word_1_28' title='bbox 1143 570 1242 603; x_wconf 85' lang='lat' dir='ltr'>obliti</span> <span class='ocrx_word' id='word_1_29' title='bbox 1263 577 1342 603; x_wconf 87' lang='lat' dir='ltr'>sunt</span> <span class='ocrx_word' id='word_1_30' title='bbox 1363 570 1464 603; x_wconf 91' lang='lat' dir='ltr'>simul</span> <span class='ocrx_word' id='word_1_31' title='bbox 1487 581 1603 610; x_wconf 79' lang='lat' dir='ltr'>enses3</span> 
     </span>
    </p>

    <p class='ocr_par' dir='ltr' id='par_1_3' title="bbox 814 624 1646 668">
     <span class='ocr_line' id='line_1_7' title="bbox 814 624 1646 668; baseline 0.002 -12"><span class='ocrx_word' id='word_1_32' title='bbox 814 624 935 666; x_wconf 88' lang='lat' dir='ltr'>Longe</span> <span class='ocrx_word' id='word_1_33' title='bbox 959 624 1135 663; x_wconf 87' lang='lat' dir='ltr'>secedunt,</span> <span class='ocrx_word' id='word_1_34' title='bbox 1158 624 1241 657; x_wconf 85' lang='lat' dir='ltr'>urbs</span> <span class='ocrx_word' id='word_1_35' title='bbox 1263 625 1461 668; x_wconf 84' lang='lat' dir='ltr'><strong>divitiisque</strong></span> <span class='ocrx_word' id='word_1_36' title='bbox 1483 625 1646 668; x_wconf 87' lang='lat' dir='ltr'>repletur.</span> 
     </span>
    </p>

    <p class='ocr_par' dir='ltr' id='par_1_4' title="bbox 812 677 1624 723">
     <span class='ocr_line' id='line_1_8' title="bbox 812 677 1624 723; baseline 0.005 -15"><span class='ocrx_word' id='word_1_37' title='bbox 812 677 890 719; x_wconf 89' lang='lat' dir='ltr'>Ipse</span> <span class='ocrx_word' id='word_1_38' title='bbox 915 677 1007 709; x_wconf 89' lang='lat' dir='ltr'>Deus</span> <span class='ocrx_word' id='word_1_39' title='bbox 1029 687 1149 721; x_wconf 84' lang='lat' dir='ltr'>regem</span> <span class='ocrx_word' id='word_1_40' title='bbox 1173 678 1260 723; x_wconf 65' lang='lat' dir='ltr'>fecit</span> <span class='ocrx_word' id='word_1_41' title='bbox 1281 678 1456 720; x_wconf 86' lang='lat' dir='ltr'>trepidare</span> <span class='ocrx_word' id='word_1_42' title='bbox 1480 685 1624 722; x_wconf 86' lang='lat' dir='ltr'>repente</span> 
     </span>
    </p>

    <p class='ocr_par' dir='ltr' id='par_1_5' title="bbox 813 731 1645 776">
     <span class='ocr_line' id='line_1_9' title="bbox 813 731 1645 776; baseline 0.004 -13"><span class='ocrx_word' id='word_1_43' title='bbox 813 731 930 770; x_wconf 91' lang='lat' dir='ltr'>Istum,</span> <span class='ocrx_word' id='word_1_44' title='bbox 953 731 1151 764; x_wconf 86' lang='lat' dir='ltr'>Mathildim</span> <span class='ocrx_word' id='word_1_45' title='bbox 1174 731 1344 775; x_wconf 78' lang='lat' dir='ltr'>fugiendo</span> <span class='ocrx_word' id='word_1_46' title='bbox 1367 738 1483 773; x_wconf 90' lang='lat' dir='ltr'>nocte,</span> <span class='ocrx_word' id='word_1_47' title='bbox 1507 732 1645 776; x_wconf 87' lang='lat' dir='ltr'>reliquit</span> 
     </span>
    </p>

    <p class='ocr_par' dir='ltr' id='par_1_6' title="bbox 812 784 1852 1042">
     <span class='ocr_line' id='line_1_10' title="bbox 814 784 1642 828; baseline 0.002 -12"><span class='ocrx_word' id='word_1_48' title='bbox 814 785 853 816; x_wconf 89' lang='lat' dir='ltr'>In</span> <span class='ocrx_word' id='word_1_49' title='bbox 878 784 999 817; x_wconf 86' lang='lat' dir='ltr'>castris</span> <span class='ocrx_word' id='word_1_50' title='bbox 1022 794 1114 823; x_wconf 84' lang='lat' dir='ltr'>vasa,</span> <span class='ocrx_word' id='word_1_51' title='bbox 1138 795 1199 817; x_wconf 89' lang='lat' dir='ltr'>seu</span> <span class='ocrx_word' id='word_1_52' title='bbox 1222 785 1336 824; x_wconf 82' lang='lat' dir='ltr'>frena,</span> <span class='ocrx_word' id='word_1_53' title='bbox 1361 786 1526 828; x_wconf 78' lang='lat' dir='ltr'>capistria</span> <span class='ocrx_word' id='word_1_54' title='bbox 1549 797 1642 819; x_wconf 84' lang='lat' dir='ltr'>sana.</span> 
     </span>
     <span class='ocr_line' id='line_1_11' title="bbox 813 837 1684 882; baseline 0.005 -13"><span class='ocrx_word' id='word_1_55' title='bbox 813 837 971 870; x_wconf 88' lang='lat' dir='ltr'><strong>Castrum</strong></span> <span class='ocrx_word' id='word_1_56' title='bbox 995 838 1158 882; x_wconf 86' lang='lat' dir='ltr'>Nogarae</span> <span class='ocrx_word' id='word_1_57' title='bbox 1183 838 1391 872; x_wconf 84' lang='lat' dir='ltr'>comitissam</span> <span class='ocrx_word' id='word_1_58' title='bbox 1416 838 1533 882; x_wconf 83' lang='lat' dir='ltr'><strong>gliscit</strong></span> <span class='ocrx_word' id='word_1_59' title='bbox 1556 851 1684 879; x_wconf 82' lang='lat' dir='ltr'>amare,</span> 
     </span>
     <span class='ocr_line' id='line_1_12' title="bbox 813 890 1728 934; baseline 0.004 -12"><span class='ocrx_word' id='word_1_60' title='bbox 813 890 919 923; x_wconf 90' lang='lat' dir='ltr'>Mane</span> <span class='ocrx_word' id='word_1_61' title='bbox 943 891 1078 934; x_wconf 88' lang='lat' dir='ltr'>recepit</span> <span class='ocrx_word' id='word_1_62' title='bbox 1102 901 1189 931; x_wconf 81' lang='lat' dir='ltr'>eam,</span> <span class='ocrx_word' id='word_1_63' title='bbox 1213 892 1450 932; x_wconf 87' lang='lat' dir='ltr'>vehementer,</span> <span class='ocrx_word' id='word_1_64' title='bbox 1474 898 1511 925; x_wconf 92' lang='lat' dir='ltr'>ut</span> <span class='ocrx_word' id='word_1_65' title='bbox 1535 893 1728 931; x_wconf 58' lang='lat' dir='ltr'>enm-iehan</span> 
     </span>
     <span class='ocr_line' id='line_1_13' title="bbox 812 943 1687 989; baseline 0.003 -13"><span class='ocrx_word' id='word_1_66' title='bbox 812 943 900 977; x_wconf 91' lang='lat' dir='ltr'>Cum</span> <span class='ocrx_word' id='word_1_67' title='bbox 924 944 1067 987; x_wconf 89' lang='lat' dir='ltr'>proprio</span> <span class='ocrx_word' id='word_1_68' title='bbox 1091 950 1205 983; x_wconf 90' lang='lat' dir='ltr'>coetu,</span> <span class='ocrx_word' id='word_1_69' title='bbox 1230 956 1295 978; x_wconf 93' lang='lat' dir='ltr'>ceu</span> <span class='ocrx_word' id='word_1_70' title='bbox 1318 946 1433 978; x_wconf 89' lang='lat' dir='ltr'><strong>Iudith</strong></span> <span class='ocrx_word' id='word_1_71' title='bbox 1457 946 1532 989; x_wconf 90' lang='lat' dir='ltr'>ipsa</span> <span class='ocrx_word' id='word_1_72' title='bbox 1557 946 1687 979; x_wconf 87' lang='lat' dir='ltr'>beetur.</span> 
     </span>
     <span class='ocr_line' id='line_1_14' title="bbox 812 998 1852 1042; baseline 0.003 -12"><span class='ocrx_word' id='word_1_73' title='bbox 812 998 894 1030; x_wconf 91' lang='lat' dir='ltr'>Non</span> <span class='ocrx_word' id='word_1_74' title='bbox 916 998 1024 1030; x_wconf 84' lang='lat' dir='ltr'>semel</span> <span class='ocrx_word' id='word_1_75' title='bbox 1046 998 1132 1031; x_wconf 91' lang='lat' dir='ltr'>haec</span> <span class='ocrx_word' id='word_1_76' title='bbox 1155 1009 1275 1042; x_wconf 91' lang='lat' dir='ltr'>regem</span> <span class='ocrx_word' id='word_1_77' title='bbox 1298 1005 1401 1032; x_wconf 86' lang='lat' dir='ltr'>necat</span> <span class='ocrx_word' id='word_1_78' title='bbox 1423 1006 1460 1032; x_wconf 93' lang='lat' dir='ltr'>ut</span> <span class='ocrx_word' id='word_1_79' title='bbox 1483 999 1598 1033; x_wconf 86' lang='lat' dir='ltr'><strong>Iudith</strong></span> <span class='ocrx_word' id='word_1_80' title='bbox 1622 1000 1852 1040; x_wconf 70' lang='lat' dir='ltr'>Olofernem,&#39;</span> 
     </span>
    </p>
   </div>
   <div class='ocr_carea' id='block_1_3' title="bbox 714 532 767 557">
    <p class='ocr_par' dir='ltr' id='par_1_7' title="bbox 714 532 767 557">
     <span class='ocr_line' id='line_1_15' title="bbox 714 532 767 557; baseline 0 0"><span class='ocrx_word' id='word_1_81' title='bbox 714 532 767 557; x_wconf 86' lang='lat'>790</span> 
     </span>
    </p>
   </div>
   <div class='ocr_carea' id='block_1_4' title="bbox 716 799 766 824">
    <p class='ocr_par' dir='ltr' id='par_1_8' title="bbox 716 799 766 824">
     <span class='ocr_line' id='line_1_16' title="bbox 716 799 766 824; baseline 0.02 -1"><span class='ocrx_word' id='word_1_82' title='bbox 716 799 766 824; x_wconf 84' lang='lat'>795</span> 
     </span>
    </p>
   </div>
   <div class='ocr_carea' id='block_1_5' title="bbox 246 1050 2273 2977">
    <p class='ocr_par' dir='ltr' id='par_1_9' title="bbox 246 1050 2273 2977">
     <span class='ocr_line' id='line_1_17' title="bbox 246 1050 1838 1098; baseline 0.003 -17"><span class='ocrx_word' id='word_1_83' title='bbox 246 1064 266 1080; x_wconf 83' lang='lat' dir='ltr'>c.</span> <span class='ocrx_word' id='word_1_84' title='bbox 281 1060 329 1082; x_wconf 68' lang='grc' dir='ltr'>αρν</span> <span class='ocrx_word' id='word_1_85' title='bbox 715 1059 769 1083; x_wconf 81' lang='lat'>800</span> <span class='ocrx_word' id='word_1_86' title='bbox 813 1050 947 1084; x_wconf 87' lang='lat' dir='ltr'>Crebro</span> <span class='ocrx_word' id='word_1_87' title='bbox 971 1052 1033 1085; x_wconf 87' lang='lat' dir='ltr'>sed</span> <span class='ocrx_word' id='word_1_88' title='bbox 1056 1051 1212 1094; x_wconf 88' lang='lat' dir='ltr'>impellit,</span> <span class='ocrx_word' id='word_1_89' title='bbox 1235 1052 1298 1085; x_wconf 83' lang='lat' dir='ltr'>sibi</span> <span class='ocrx_word' id='word_1_90' title='bbox 1323 1053 1533 1096; x_wconf 86' lang='lat' dir='ltr'>muscipulas</span> <span class='ocrx_word' id='word_1_91' title='bbox 1556 1063 1693 1098; x_wconf 90' lang='lat' dir='ltr'>quoque</span> <span class='ocrx_word' id='word_1_92' title='bbox 1716 1053 1838 1092; x_wconf 90' lang='lat' dir='ltr'>tendit,</span> 
     </span>
     <span class='ocr_line' id='line_1_18' title="bbox 813 1105 1754 1150; baseline 0.003 -13"><span class='ocrx_word' id='word_1_93' title='bbox 813 1105 853 1137; x_wconf 93' lang='lat' dir='ltr'>In</span> <span class='ocrx_word' id='word_1_94' title='bbox 877 1105 1002 1148; x_wconf 85' lang='lat' dir='ltr'>quibus</span> <span class='ocrx_word' id='word_1_95' title='bbox 1023 1105 1083 1138; x_wconf 90' lang='lat' dir='ltr'>ille</span> <span class='ocrx_word' id='word_1_96' title='bbox 1107 1106 1212 1143; x_wconf 88' lang='lat' dir='ltr'>cadit,</span> <span class='ocrx_word' id='word_1_97' title='bbox 1235 1117 1271 1139; x_wconf 87' lang='lat' dir='ltr'>se</span> <span class='ocrx_word' id='word_1_98' title='bbox 1295 1107 1435 1149; x_wconf 83' lang='lat' dir='ltr'>quando</span> <span class='ocrx_word' id='word_1_99' title='bbox 1460 1117 1585 1140; x_wconf 90' lang='lat' dir='ltr'>cavere</span> <span class='ocrx_word' id='word_1_100' title='bbox 1609 1108 1754 1150; x_wconf 87' lang='lat' dir='ltr'>putavit.</span> 
     </span>
     <span class='ocr_line' id='line_1_19' title="bbox 548 1229 2130 1274; baseline 0.003 -13"><span class='ocrx_word' id='word_1_101' title='bbox 548 1229 593 1262; x_wconf 90' lang='lat' dir='ltr'>X.</span> <span class='ocrx_word' id='word_1_102' title='bbox 618 1230 710 1272; x_wconf 84' lang='lat' dir='ltr'>Quid</span> <span class='ocrx_word' id='word_1_103' title='bbox 729 1231 765 1262; x_wconf 82' lang='lat' dir='ltr'>in</span> <span class='ocrx_word' id='word_1_104' title='bbox 789 1230 913 1263; x_wconf 77' lang='lat' dir='ltr'>Galliis</span> <span class='ocrx_word' id='word_1_105' title='bbox 934 1234 1032 1274; x_wconf 78' lang='lat' dir='ltr'>papa</span> <span class='ocrx_word' id='word_1_106' title='bbox 1060 1230 1217 1263; x_wconf 83' lang='lat' dir='ltr'>Urbanus</span> <span class='ocrx_word' id='word_1_107' title='bbox 1239 1232 1389 1264; x_wconf 82' lang='lat' dir='ltr'>lucratus</span> <span class='ocrx_word' id='word_1_108' title='bbox 1412 1237 1470 1272; x_wconf 80' lang='lat' dir='ltr'>est,</span> <span class='ocrx_word' id='word_1_109' title='bbox 1494 1237 1528 1265; x_wconf 83' lang='lat' dir='ltr'>et</span> <span class='ocrx_word' id='word_1_110' title='bbox 1543 1233 1585 1264; x_wconf 76' lang='lat' dir='ltr'>de</span> <span class='ocrx_word' id='word_1_111' title='bbox 1611 1234 1804 1266; x_wconf 79' lang='lat' dir='ltr'>reversione</span> <span class='ocrx_word' id='word_1_112' title='bbox 1826 1244 1887 1265; x_wconf 83' lang='lat' dir='ltr'>sua</span> <span class='ocrx_word' id='word_1_113' title='bbox 1910 1233 1958 1265; x_wconf 86' lang='lat' dir='ltr'>ad</span> <span class='ocrx_word' id='word_1_114' title='bbox 1978 1233 2130 1267; x_wconf 76' lang='lat' dir='ltr'>ltaliam.</span> 
     </span>
     <span class='ocr_line' id='line_1_20' title="bbox 900 1319 1661 1365; baseline 0.004 -13"><span class='ocrx_word' id='word_1_115' title='bbox 900 1319 1035 1352; x_wconf 88' lang='lat' dir='ltr'>Urbani</span> <span class='ocrx_word' id='word_1_116' title='bbox 1059 1320 1150 1353; x_wconf 89' lang='lat' dir='ltr'>Galli</span> <span class='ocrx_word' id='word_1_117' title='bbox 1173 1330 1285 1363; x_wconf 87' lang='lat' dir='ltr'>papae</span> <span class='ocrx_word' id='word_1_118' title='bbox 1309 1321 1405 1354; x_wconf 84' lang='lat' dir='ltr'>Petri</span> <span class='ocrx_word' id='word_1_119' title='bbox 1429 1323 1527 1365; x_wconf 88' lang='lat' dir='ltr'>quasi</span> <span class='ocrx_word' id='word_1_120' title='bbox 1550 1323 1661 1356; x_wconf 83' lang='lat' dir='ltr'>sancti</span> 
     </span>
     <span class='ocr_line' id='line_1_21' title="bbox 813 1373 1723 1416; baseline 0.004 -11"><span class='ocrx_word' id='word_1_121' title='bbox 813 1373 915 1406; x_wconf 90' lang='lat' dir='ltr'>Dicta</span> <span class='ocrx_word' id='word_1_122' title='bbox 939 1380 1158 1416; x_wconf 88' lang='lat' dir='ltr'>receperunt,</span> <span class='ocrx_word' id='word_1_123' title='bbox 1182 1380 1217 1407; x_wconf 92' lang='lat' dir='ltr'>et</span> <span class='ocrx_word' id='word_1_124' title='bbox 1241 1374 1272 1406; x_wconf 90' lang='lat' dir='ltr'>ei</span> <span class='ocrx_word' id='word_1_125' title='bbox 1296 1374 1386 1407; x_wconf 85' lang='lat' dir='ltr'>bona</span> <span class='ocrx_word' id='word_1_126' title='bbox 1409 1375 1516 1408; x_wconf 86' lang='lat' dir='ltr'>multa</span> <span class='ocrx_word' id='word_1_127' title='bbox 1539 1376 1723 1410; x_wconf 85' lang='lat' dir='ltr'>dederunt.</span> 
     </span>
     <span class='ocr_line' id='line_1_22' title="bbox 813 1427 1736 1470; baseline 0.003 -11"><span class='ocrx_word' id='word_1_128' title='bbox 813 1427 932 1460; x_wconf 85' lang='lat' dir='ltr'>Verba</span> <span class='ocrx_word' id='word_1_129' title='bbox 954 1427 1073 1459; x_wconf 81' lang='lat' dir='ltr'>salutis</span> <span class='ocrx_word' id='word_1_130' title='bbox 1097 1427 1147 1459; x_wconf 86' lang='lat' dir='ltr'>eis</span> <span class='ocrx_word' id='word_1_131' title='bbox 1170 1427 1276 1460; x_wconf 86' lang='lat' dir='ltr'>dabat</span> <span class='ocrx_word' id='word_1_132' title='bbox 1299 1428 1357 1460; x_wconf 91' lang='lat' dir='ltr'>hic</span> <span class='ocrx_word' id='word_1_133' title='bbox 1380 1434 1499 1470; x_wconf 85' lang='lat' dir='ltr'>pastor</span> <span class='ocrx_word' id='word_1_134' title='bbox 1521 1429 1599 1462; x_wconf 84' lang='lat' dir='ltr'>vice</span> <span class='ocrx_word' id='word_1_135' title='bbox 1623 1429 1736 1467; x_wconf 82' lang='lat' dir='ltr'>Petri;</span> 
     </span>
     <span class='ocr_line' id='line_1_23' title="bbox 712 1480 1735 1526; baseline 0.004 -14"><span class='ocrx_word' id='word_1_136' title='bbox 712 1488 763 1520; x_wconf 85' lang='lat'>805</span> <span class='ocrx_word' id='word_1_137' title='bbox 811 1480 901 1513; x_wconf 90' lang='lat' dir='ltr'>Nam</span> <span class='ocrx_word' id='word_1_138' title='bbox 925 1481 1045 1513; x_wconf 86' lang='lat' dir='ltr'>docuit</span> <span class='ocrx_word' id='word_1_139' title='bbox 1067 1491 1218 1513; x_wconf 84' lang='lat' dir='ltr'>summus</span> <span class='ocrx_word' id='word_1_140' title='bbox 1240 1481 1343 1514; x_wconf 89' lang='lat' dir='ltr'>Pater</span> <span class='ocrx_word' id='word_1_141' title='bbox 1364 1482 1443 1514; x_wconf 87' lang='lat' dir='ltr'>illos</span> <span class='ocrx_word' id='word_1_142' title='bbox 1465 1483 1515 1515; x_wconf 88' lang='lat' dir='ltr'>ire</span> <span class='ocrx_word' id='word_1_143' title='bbox 1538 1484 1735 1526; x_wconf 90' lang='lat' dir='ltr'>sepulcrum</span> 
     </span>
     <span class='ocr_line' id='line_1_24' title="bbox 812 1533 1750 1579; baseline 0.003 -13"><span class='ocrx_word' id='word_1_144' title='bbox 812 1534 871 1567; x_wconf 90' lang='lat' dir='ltr'>Ad</span> <span class='ocrx_word' id='word_1_145' title='bbox 895 1533 1037 1566; x_wconf 83' lang='lat' dir='ltr'>Domini</span> <span class='ocrx_word' id='word_1_146' title='bbox 1061 1534 1179 1573; x_wconf 84' lang='lat' dir='ltr'>nostri,</span> <span class='ocrx_word' id='word_1_147' title='bbox 1203 1534 1300 1567; x_wconf 89' lang='lat' dir='ltr'>locus</span> <span class='ocrx_word' id='word_1_148' title='bbox 1322 1541 1360 1567; x_wconf 90' lang='lat' dir='ltr'>ut</span> <span class='ocrx_word' id='word_1_149' title='bbox 1383 1542 1561 1579; x_wconf 89' lang='lat' dir='ltr'>purgetur,</span> <span class='ocrx_word' id='word_1_150' title='bbox 1584 1542 1620 1569; x_wconf 87' lang='lat' dir='ltr'>et</span> <span class='ocrx_word' id='word_1_151' title='bbox 1642 1537 1750 1570; x_wconf 87' lang='lat' dir='ltr'>hostis</span> 
     </span>
     <span class='ocr_line' id='line_1_25' title="bbox 814 1587 1634 1633; baseline 0.004 -13"><span class='ocrx_word' id='word_1_152' title='bbox 814 1588 900 1620; x_wconf 90' lang='lat' dir='ltr'>Inde</span> <span class='ocrx_word' id='word_1_153' title='bbox 924 1587 1115 1630; x_wconf 85' lang='lat' dir='ltr'>repellatur</span> <span class='ocrx_word' id='word_1_154' title='bbox 1136 1588 1286 1631; x_wconf 90' lang='lat' dir='ltr'>populus</span> <span class='ocrx_word' id='word_1_155' title='bbox 1307 1599 1464 1633; x_wconf 82' lang='lat' dir='ltr'>paganus</span> <span class='ocrx_word' id='word_1_156' title='bbox 1487 1600 1634 1623; x_wconf 87' lang='lat' dir='ltr'>amarus.</span> 
     </span>
     <span class='ocr_line' id='line_1_26' title="bbox 813 1640 1786 1687; baseline 0.004 -14"><span class='ocrx_word' id='word_1_157' title='bbox 813 1642 844 1673; x_wconf 95' lang='lat' dir='ltr'>O</span> <span class='ocrx_word' id='word_1_158' title='bbox 867 1640 948 1674; x_wconf 88' lang='lat' dir='ltr'>fidei</span> <span class='ocrx_word' id='word_1_159' title='bbox 971 1652 1101 1680; x_wconf 90' lang='lat' dir='ltr'>semen,</span> <span class='ocrx_word' id='word_1_160' title='bbox 1124 1642 1216 1675; x_wconf 86' lang='lat' dir='ltr'>bona</span> <span class='ocrx_word' id='word_1_161' title='bbox 1238 1642 1394 1685; x_wconf 88' lang='lat' dir='ltr'>germina</span> <span class='ocrx_word' id='word_1_162' title='bbox 1418 1648 1502 1686; x_wconf 90' lang='lat' dir='ltr'>quot</span> <span class='ocrx_word' id='word_1_163' title='bbox 1523 1643 1627 1676; x_wconf 91' lang='lat' dir='ltr'>modo</span> <span class='ocrx_word' id='word_1_164' title='bbox 1650 1644 1786 1687; x_wconf 86' lang='lat' dir='ltr'>prebes,</span> 
     </span>
     <span class='ocr_line' id='line_1_27' title="bbox 814 1695 1651 1739; baseline 0.002 -11"><span class='ocrx_word' id='word_1_165' title='bbox 814 1695 901 1728; x_wconf 90' lang='lat' dir='ltr'>Cum</span> <span class='ocrx_word' id='word_1_166' title='bbox 925 1695 1019 1727; x_wconf 89' lang='lat' dir='ltr'>rutili</span> <span class='ocrx_word' id='word_1_167' title='bbox 1043 1696 1145 1729; x_wconf 88' lang='lat' dir='ltr'>flores</span> <span class='ocrx_word' id='word_1_168' title='bbox 1168 1696 1318 1729; x_wconf 86' lang='lat' dir='ltr'>refluunt</span> <span class='ocrx_word' id='word_1_169' title='bbox 1340 1696 1490 1739; x_wconf 87' lang='lat' dir='ltr'>pastoris</span> <span class='ocrx_word' id='word_1_170' title='bbox 1513 1696 1556 1729; x_wconf 87' lang='lat' dir='ltr'>ab</span> <span class='ocrx_word' id='word_1_171' title='bbox 1580 1707 1651 1736; x_wconf 87' lang='lat' dir='ltr'>ore,</span> 
     </span>
     <span class='ocr_line' id='line_1_28' title="bbox 714 1749 1723 1794; baseline 0.003 -13"><span class='ocrx_word' id='word_1_172' title='bbox 714 1757 768 1782; x_wconf 87' lang='lat'>810</span> <span class='ocrx_word' id='word_1_173' title='bbox 813 1750 858 1781; x_wconf 89' lang='lat' dir='ltr'>Et</span> <span class='ocrx_word' id='word_1_174' title='bbox 881 1750 1021 1792; x_wconf 82' lang='lat' dir='ltr'>pariunt</span> <span class='ocrx_word' id='word_1_175' title='bbox 1042 1749 1188 1789; x_wconf 74' lang='lat' dir='ltr'>fructus,</span> <span class='ocrx_word' id='word_1_176' title='bbox 1211 1749 1350 1782; x_wconf 84' lang='lat' dir='ltr'>Domini</span> <span class='ocrx_word' id='word_1_177' title='bbox 1373 1749 1553 1794; x_wconf 87' lang='lat' dir='ltr'>dignanter</span> <span class='ocrx_word' id='word_1_178' title='bbox 1575 1751 1611 1783; x_wconf 92' lang='lat' dir='ltr'>in</span> <span class='ocrx_word' id='word_1_179' title='bbox 1633 1761 1723 1784; x_wconf 89' lang='lat' dir='ltr'>usus.</span> 
     </span>
     <span class='ocr_line' id='line_1_29' title="bbox 811 1802 1791 1847; baseline 0.003 -12"><span class='ocrx_word' id='word_1_180' title='bbox 811 1803 900 1835; x_wconf 88' lang='lat' dir='ltr'>Nam</span> <span class='ocrx_word' id='word_1_181' title='bbox 924 1803 1063 1847; x_wconf 88' lang='lat' dir='ltr'>genitor</span> <span class='ocrx_word' id='word_1_182' title='bbox 1087 1814 1205 1835; x_wconf 84' lang='lat' dir='ltr'>carum</span> <span class='ocrx_word' id='word_1_183' title='bbox 1228 1813 1292 1846; x_wconf 93' lang='lat' dir='ltr'>pro</span> <span class='ocrx_word' id='word_1_184' title='bbox 1318 1802 1459 1836; x_wconf 86' lang='lat' dir='ltr'>Christo</span> <span class='ocrx_word' id='word_1_185' title='bbox 1483 1803 1640 1847; x_wconf 89' lang='lat' dir='ltr'>linquere</span> <span class='ocrx_word' id='word_1_186' title='bbox 1662 1811 1791 1845; x_wconf 89' lang='lat' dir='ltr'>natum,</span> 
     </span>
     <span class='ocr_line' id='line_1_30' title="bbox 813 1856 1653 1901; baseline 0.001 -12"><span class='ocrx_word' id='word_1_187' title='bbox 813 1857 858 1889; x_wconf 83' lang='lat' dir='ltr'>Et</span> <span class='ocrx_word' id='word_1_188' title='bbox 881 1856 1018 1900; x_wconf 85' lang='lat' dir='ltr'>genitus</span> <span class='ocrx_word' id='word_1_189' title='bbox 1039 1862 1174 1900; x_wconf 87' lang='lat' dir='ltr'>patrem</span> <span class='ocrx_word' id='word_1_190' title='bbox 1199 1857 1315 1900; x_wconf 90' lang='lat' dir='ltr'>caepit</span> <span class='ocrx_word' id='word_1_191' title='bbox 1339 1857 1515 1890; x_wconf 85' lang='lat' dir='ltr'>dimittere</span> <span class='ocrx_word' id='word_1_192' title='bbox 1539 1859 1653 1901; x_wconf 89' lang='lat' dir='ltr'>plane,</span> 
     </span>
     <span class='ocr_line' id='line_1_31' title="bbox 812 1910 1677 1954; baseline 0.002 -12"><span class='ocrx_word' id='word_1_193' title='bbox 812 1910 928 1954; x_wconf 91' lang='lat' dir='ltr'>Atque</span> <span class='ocrx_word' id='word_1_194' title='bbox 951 1910 1005 1943; x_wconf 87' lang='lat' dir='ltr'>vir</span> <span class='ocrx_word' id='word_1_195' title='bbox 1026 1920 1168 1943; x_wconf 84' lang='lat' dir='ltr'>uxorem</span> <span class='ocrx_word' id='word_1_196' title='bbox 1193 1917 1316 1943; x_wconf 85' lang='lat' dir='ltr'>contra</span> <span class='ocrx_word' id='word_1_197' title='bbox 1339 1910 1512 1944; x_wconf 87' lang='lat' dir='ltr'>dimittere</span> <span class='ocrx_word' id='word_1_198' title='bbox 1535 1921 1677 1944; x_wconf 86' lang='lat' dir='ltr'>morem.</span> 
     </span>
     <span class='ocr_line' id='line_1_32' title="bbox 814 1964 1648 2008; baseline 0.001 -11"><span class='ocrx_word' id='word_1_199' title='bbox 814 1965 927 1997; x_wconf 81' lang='lat' dir='ltr'>Sexus</span> <span class='ocrx_word' id='word_1_200' title='bbox 949 1971 1096 2007; x_wconf 90' lang='lat' dir='ltr'>uterque</span> <span class='ocrx_word' id='word_1_201' title='bbox 1121 1965 1196 1997; x_wconf 89' lang='lat' dir='ltr'>Deo</span> <span class='ocrx_word' id='word_1_202' title='bbox 1219 1964 1334 2008; x_wconf 82' lang='lat' dir='ltr'>gliscit</span> <span class='ocrx_word' id='word_1_203' title='bbox 1355 1975 1479 2007; x_wconf 86' lang='lat' dir='ltr'>parere</span> <span class='ocrx_word' id='word_1_204' title='bbox 1502 1976 1648 2003; x_wconf 87' lang='lat' dir='ltr'>sereno;</span> 
     </span>
     <span class='ocr_line' id='line_1_33' title="bbox 715 2018 1706 2062; baseline 0.001 -12"><span class='ocrx_word' id='word_1_205' title='bbox 715 2025 766 2058; x_wconf 74' lang='lat'>815</span> <span class='ocrx_word' id='word_1_206' title='bbox 814 2018 981 2051; x_wconf 85' lang='lat' dir='ltr'>Certatim</span> <span class='ocrx_word' id='word_1_207' title='bbox 1006 2024 1149 2051; x_wconf 88' lang='lat' dir='ltr'>currunt</span> <span class='ocrx_word' id='word_1_208' title='bbox 1172 2018 1303 2051; x_wconf 91' lang='lat' dir='ltr'>Christi</span> <span class='ocrx_word' id='word_1_209' title='bbox 1325 2028 1474 2061; x_wconf 86' lang='lat' dir='ltr'>purgare</span> <span class='ocrx_word' id='word_1_210' title='bbox 1499 2019 1706 2062; x_wconf 87' lang='lat' dir='ltr'>sepulcrum.</span> 
     </span>
     <span class='ocr_line' id='line_1_34' title="bbox 811 2070 1767 2115; baseline 0.002 -12"><span class='ocrx_word' id='word_1_211' title='bbox 811 2071 1049 2115; x_wconf 88' lang='lat' dir='ltr'>Francigenus</span> <span class='ocrx_word' id='word_1_212' title='bbox 1072 2077 1216 2104; x_wconf 86' lang='lat' dir='ltr'>cunctus</span> <span class='ocrx_word' id='word_1_213' title='bbox 1237 2072 1386 2114; x_wconf 90' lang='lat' dir='ltr'>populus</span> <span class='ocrx_word' id='word_1_214' title='bbox 1409 2070 1453 2103; x_wconf 87' lang='lat' dir='ltr'>de</span> <span class='ocrx_word' id='word_1_215' title='bbox 1477 2082 1545 2115; x_wconf 93' lang='lat' dir='ltr'>quo</span> <span class='ocrx_word' id='word_1_216' title='bbox 1569 2073 1636 2104; x_wconf 77' lang='lat' dir='ltr'>fuit</span> <span class='ocrx_word' id='word_1_217' title='bbox 1657 2071 1767 2105; x_wconf 77' lang='lat' dir='ltr'>ortus·</span> 
     </span>
     <span class='ocr_line' id='line_1_35' title="bbox 247 2124 1642 2168; baseline 0.002 -12"><span class='ocrx_word' id='word_1_218' title='bbox 247 2142 266 2156; x_wconf 67' lang='grc' dir='ltr'>ι.</span> <span class='ocrx_word' id='word_1_219' title='bbox 282 2141 328 2160; x_wconf 74' lang='lat' dir='ltr'>70r</span> <span class='ocrx_word' id='word_1_220' title='bbox 816 2124 978 2158; x_wconf 84' lang='lat' dir='ltr'>Urbanus</span> <span class='ocrx_word' id='word_1_221' title='bbox 999 2130 1128 2167; x_wconf 85' lang='lat' dir='ltr'>pastor,</span> <span class='ocrx_word' id='word_1_222' title='bbox 1152 2125 1333 2167; x_wconf 86' lang='lat' dir='ltr'>presertim</span> <span class='ocrx_word' id='word_1_223' title='bbox 1355 2125 1470 2168; x_wconf 87' lang='lat' dir='ltr'>pergit</span> <span class='ocrx_word' id='word_1_224' title='bbox 1493 2126 1642 2159; x_wconf 85' lang='lat' dir='ltr'>ovando.</span> 
     </span>
     <span class='ocr_line' id='line_1_36' title="bbox 811 2178 1702 2222; baseline 0.002 -12"><span class='ocrx_word' id='word_1_225' title='bbox 811 2178 968 2221; x_wconf 91' lang='lat' dir='ltr'>Cumque</span> <span class='ocrx_word' id='word_1_226' title='bbox 993 2178 1080 2210; x_wconf 85' lang='lat' dir='ltr'>duos</span> <span class='ocrx_word' id='word_1_227' title='bbox 1102 2188 1212 2211; x_wconf 89' lang='lat' dir='ltr'>annos</span> <span class='ocrx_word' id='word_1_228' title='bbox 1234 2179 1377 2212; x_wconf 74' lang='lat' dir='ltr'>fecisset</span> <span class='ocrx_word' id='word_1_229' title='bbox 1399 2179 1449 2212; x_wconf 91' lang='lat' dir='ltr'>ibi</span> <span class='ocrx_word' id='word_1_230' title='bbox 1472 2180 1547 2212; x_wconf 83' lang='lat' dir='ltr'>fere</span> <span class='ocrx_word' id='word_1_231' title='bbox 1572 2185 1702 2222; x_wconf 83' lang='lat' dir='ltr'>pastor,</span> 
     </span>
     <span class='ocr_line' id='line_1_37' title="bbox 811 2231 1600 2275; baseline 0 -11"><span class='ocrx_word' id='word_1_232' title='bbox 811 2231 948 2265; x_wconf 82' lang='lat' dir='ltr'>Italiam</span> <span class='ocrx_word' id='word_1_233' title='bbox 970 2242 1087 2264; x_wconf 84' lang='lat' dir='ltr'>rursus</span> <span class='ocrx_word' id='word_1_234' title='bbox 1110 2232 1224 2270; x_wconf 87' lang='lat' dir='ltr'>rediit,</span> <span class='ocrx_word' id='word_1_235' title='bbox 1249 2232 1315 2264; x_wconf 78' lang='lat' dir='ltr'>fuit</span> <span class='ocrx_word' id='word_1_236' title='bbox 1338 2238 1440 2275; x_wconf 87' lang='lat' dir='ltr'>atque</span> <span class='ocrx_word' id='word_1_237' title='bbox 1466 2232 1600 2265; x_wconf 88' lang='lat' dir='ltr'>locutus</span> 
     </span>
     <span class='ocr_line' id='line_1_38' title="bbox 505 2349 2262 2384; baseline 0 -9"><span class='ocrx_word' id='word_1_238' title='bbox 505 2358 532 2375; x_wconf 79' lang='lat' dir='ltr'>v.</span> <span class='ocrx_word' id='word_1_239' title='bbox 553 2349 616 2382; x_wconf 82' lang='lat'>795)</span> <span class='ocrx_word' id='word_1_240' title='bbox 628 2350 726 2382; x_wconf 77' lang='lat' dir='ltr'>frena,</span> <span class='ocrx_word' id='word_1_241' title='bbox 746 2351 842 2380; x_wconf 76' lang='lat' dir='ltr'>morsi,</span> <span class='ocrx_word' id='word_1_242' title='bbox 858 2357 914 2374; x_wconf 87' lang='lat' dir='ltr'>non</span> <span class='ocrx_word' id='word_1_243' title='bbox 929 2350 1050 2375; x_wconf 79' lang='lat' dir='ltr'>cavalli:</span> <span class='ocrx_word' id='word_1_244' title='bbox 1070 2349 1203 2381; x_wconf 77' lang='lat' dir='ltr'>capistria</span> <span class='ocrx_word' id='word_1_245' title='bbox 1218 2350 1243 2374; x_wconf 88' lang='lat' dir='ltr'>le</span> <span class='ocrx_word' id='word_1_246' title='bbox 1256 2351 1311 2374; x_wconf 87' lang='lat' dir='ltr'>bri·</span> <span class='ocrx_word' id='word_1_247' title='bbox 1368 2352 1435 2374; x_wconf 87' lang='lat' dir='ltr'>vato</span> <span class='ocrx_word' id='word_1_248' title='bbox 1455 2351 1485 2374; x_wconf 89' lang='lat' dir='ltr'>in</span> <span class='ocrx_word' id='word_1_249' title='bbox 1505 2349 1626 2375; x_wconf 75' lang='lat' dir='ltr'>Francia</span> <span class='ocrx_word' id='word_1_250' title='bbox 1646 2350 1722 2376; x_wconf 83' lang='lat' dir='ltr'>nella</span> <span class='ocrx_word' id='word_1_251' title='bbox 1741 2352 1901 2384; x_wconf 81' lang='lat' dir='ltr'>primavera</span> <span class='ocrx_word' id='word_1_252' title='bbox 1921 2351 1966 2376; x_wconf 88' lang='lat' dir='ltr'>del</span> <span class='ocrx_word' id='word_1_253' title='bbox 1988 2355 2055 2384; x_wconf 82' lang='lat'>1095</span> <span class='ocrx_word' id='word_1_254' title='bbox 2074 2355 2122 2376; x_wconf 69' lang='lat' dir='ltr'>ert</span> <span class='ocrx_word' id='word_1_255' title='bbox 2141 2350 2195 2382; x_wconf 88' lang='lat'>119</span> <span class='ocrx_word' id='word_1_256' title='bbox 2208 2351 2262 2375; x_wconf 79' lang='lat' dir='ltr'>set-</span> 
     </span>
     <span class='ocr_line' id='line_1_39' title="bbox 416 2391 2262 2425; baseline 0.002 -10"><span class='ocrx_word' id='word_1_257' title='bbox 416 2392 475 2423; x_wconf 84' lang='lat' dir='ltr'>glie</span> <span class='ocrx_word' id='word_1_258' title='bbox 495 2391 541 2416; x_wconf 85' lang='lat' dir='ltr'>dei</span> <span class='ocrx_word' id='word_1_259' title='bbox 560 2391 676 2416; x_wconf 76' lang='lat' dir='ltr'>cavalli.</span> <span class='ocrx_word' id='word_1_260' title='bbox 1366 2393 1473 2417; x_wconf 84' lang='lat' dir='ltr'>tembre</span> <span class='ocrx_word' id='word_1_261' title='bbox 1495 2392 1562 2425; x_wconf 86' lang='lat'>1096</span> <span class='ocrx_word' id='word_1_262' title='bbox 1581 2393 1616 2417; x_wconf 81' lang='lat' dir='ltr'>ad</span> <span class='ocrx_word' id='word_1_263' title='bbox 1635 2392 1710 2422; x_wconf 84' lang='lat' dir='ltr'>Asti,</span> <span class='ocrx_word' id='word_1_264' title='bbox 1731 2394 1752 2418; x_wconf 89' lang='lat' dir='ltr'>il</span> <span class='ocrx_word' id='word_1_265' title='bbox 1776 2393 1807 2418; x_wconf 85' lang='lat'>16</span> <span class='ocrx_word' id='word_1_266' title='bbox 1826 2394 1940 2418; x_wconf 88' lang='lat' dir='ltr'>ottobre</span> <span class='ocrx_word' id='word_1_267' title='bbox 1958 2399 1975 2417; x_wconf 79' lang='lat' dir='ltr'>a</span> <span class='ocrx_word' id='word_1_268' title='bbox 1989 2392 2140 2422; x_wconf 67' lang='lat' dir='ltr'>Cremona,</span> <span class='ocrx_word' id='word_1_269' title='bbox 2152 2392 2200 2417; x_wconf 82' lang='lat' dir='ltr'>nel</span> <span class='ocrx_word' id='word_1_270' title='bbox 2213 2399 2262 2418; x_wconf 87' lang='lat' dir='ltr'>no-</span> 
     </span>
     <span class='ocr_line' id='line_1_40' title="bbox 505 2433 2263 2468; baseline 0.001 -10"><span class='ocrx_word' id='word_1_271' title='bbox 505 2442 532 2458; x_wconf 82' lang='lat' dir='ltr'>v.</span> <span class='ocrx_word' id='word_1_272' title='bbox 554 2433 612 2466; x_wconf 81' lang='lat'>796)</span> <span class='ocrx_word' id='word_1_273' title='bbox 629 2434 728 2467; x_wconf 78' lang='lat' dir='ltr'>gliscit</span> <span class='ocrx_word' id='word_1_274' title='bbox 740 2443 833 2459; x_wconf 81' lang='lat' dir='ltr'>amare</span> <span class='ocrx_word' id='word_1_275' title='bbox 851 2441 976 2459; x_wconf 83' lang='lat' dir='ltr'>accresce</span> <span class='ocrx_word' id='word_1_276' title='bbox 989 2434 1011 2458; x_wconf 79' lang='lat' dir='ltr'>il</span> <span class='ocrx_word' id='word_1_277' title='bbox 1026 2442 1077 2459; x_wconf 81' lang='lat' dir='ltr'>suo</span> <span class='ocrx_word' id='word_1_278' title='bbox 1092 2441 1187 2459; x_wconf 86' lang='lat' dir='ltr'>amore</span> <span class='ocrx_word' id='word_1_279' title='bbox 1201 2442 1249 2466; x_wconf 85' lang='lat' dir='ltr'>per</span> <span class='ocrx_word' id='word_1_280' title='bbox 1262 2434 1311 2466; x_wconf 89' lang='lat' dir='ltr'>M.,</span> <span class='ocrx_word' id='word_1_281' title='bbox 1366 2435 1479 2460; x_wconf 86' lang='lat' dir='ltr'>vembre</span> <span class='ocrx_word' id='word_1_282' title='bbox 1498 2443 1514 2459; x_wconf 89' lang='lat' dir='ltr'>a</span> <span class='ocrx_word' id='word_1_283' title='bbox 1532 2435 1635 2465; x_wconf 71' lang='lat' dir='ltr'>Lucce,</span> <span class='ocrx_word' id='word_1_284' title='bbox 1650 2443 1664 2460; x_wconf 88' lang='lat' dir='ltr'>e</span> <span class='ocrx_word' id='word_1_285' title='bbox 1678 2436 1698 2459; x_wconf 90' lang='lat' dir='ltr'>il</span> <span class='ocrx_word' id='word_1_286' title='bbox 1720 2441 1752 2468; x_wconf 84' lang='lat'>25</span> <span class='ocrx_word' id='word_1_287' title='bbox 1767 2436 1909 2460; x_wconf 82' lang='lat' dir='ltr'>dicembre</span> <span class='ocrx_word' id='word_1_288' title='bbox 1928 2444 1944 2460; x_wconf 80' lang='lat' dir='ltr'><strong>a</strong></span> <span class='ocrx_word' id='word_1_289' title='bbox 1962 2434 2062 2460; x_wconf 74' lang='lat' dir='ltr'>Roma.</span> <span class='ocrx_word' id='word_1_290' title='bbox 2098 2434 2219 2460; x_wconf 65' lang='lat' dir='ltr'>Matilde</span> <span class='ocrx_word' id='word_1_291' title='bbox 2237 2433 2263 2460; x_wconf 74' lang='lat' dir='ltr'>nl</span> 
     </span>
     <span class='ocr_line' id='line_1_41' title="bbox 418 2476 2262 2510; baseline 0.001 -10"><span class='ocrx_word' id='word_1_292' title='bbox 418 2484 493 2500; x_wconf 86' lang='lat' dir='ltr'>non:</span> <span class='ocrx_word' id='word_1_293' title='bbox 516 2477 642 2502; x_wconf 81' lang='lat' dir='ltr'>desidera</span> <span class='ocrx_word' id='word_1_294' title='bbox 663 2484 716 2501; x_wconf 87' lang='lat' dir='ltr'>con</span> <span class='ocrx_word' id='word_1_295' title='bbox 735 2477 843 2509; x_wconf 87' lang='lat' dir='ltr'>grande</span> <span class='ocrx_word' id='word_1_296' title='bbox 862 2478 1029 2509; x_wconf 75' lang='lat' dir='ltr'>rimpianto.</span> <span class='ocrx_word' id='word_1_297' title='bbox 1365 2476 1490 2502; x_wconf 75' lang='lat' dir='ltr'>abbocco</span> <span class='ocrx_word' id='word_1_298' title='bbox 1510 2485 1564 2502; x_wconf 89' lang='lat' dir='ltr'>con</span> <span class='ocrx_word' id='word_1_299' title='bbox 1585 2478 1635 2509; x_wconf 83' lang='lat' dir='ltr'>lui,</span> <span class='ocrx_word' id='word_1_300' title='bbox 1655 2478 1893 2510; x_wconf 82' lang='lat' dir='ltr'>probabllmente,</span> <span class='ocrx_word' id='word_1_301' title='bbox 1912 2485 1930 2503; x_wconf 85' lang='lat' dir='ltr'>a</span> <span class='ocrx_word' id='word_1_302' title='bbox 1953 2477 2047 2502; x_wconf 74' lang='lat' dir='ltr'>Luccn</span> <span class='ocrx_word' id='word_1_303' title='bbox 2066 2485 2080 2502; x_wconf 91' lang='lat' dir='ltr'>e</span> <span class='ocrx_word' id='word_1_304' title='bbox 2105 2477 2135 2502; x_wconf 88' lang='lat' dir='ltr'>lo</span> <span class='ocrx_word' id='word_1_305' title='bbox 2153 2482 2262 2502; x_wconf 68' lang='lat' dir='ltr'>necom-</span> 
     </span>
     <span class='ocr_line' id='line_1_42' title="bbox 373 2517 2262 2553; baseline 0 -10"><span class='ocrx_word' id='word_1_306' title='bbox 373 2526 386 2551; x_wconf 86' lang='lat'>5</span> <span class='ocrx_word' id='word_1_307' title='bbox 505 2528 531 2544; x_wconf 79' lang='lat' dir='ltr'>v.</span> <span class='ocrx_word' id='word_1_308' title='bbox 550 2517 612 2552; x_wconf 85' lang='lat'><em>800)</em></span> <span class='ocrx_word' id='word_1_309' title='bbox 631 2520 800 2551; x_wconf 77' lang='lat' dir='ltr'>muscipulas,</span> <span class='ocrx_word' id='word_1_310' title='bbox 819 2520 959 2552; x_wconf 84' lang='lat' dir='ltr'>trappole.</span> <span class='ocrx_word' id='word_1_311' title='bbox 1365 2518 1461 2553; x_wconf 74' lang='lat' dir='ltr'>pagno</span> <span class='ocrx_word' id='word_1_312' title='bbox 1481 2528 1497 2544; x_wconf 90' lang='lat' dir='ltr'>a</span> <span class='ocrx_word' id='word_1_313' title='bbox 1516 2519 1608 2545; x_wconf 88' lang='lat' dir='ltr'>Roma</span> <span class='ocrx_word' id='word_1_314' title='bbox 1629 2528 1682 2544; x_wconf 83' lang='lat' dir='ltr'>con</span> <span class='ocrx_word' id='word_1_315' title='bbox 1697 2528 1754 2545; x_wconf 86' lang='lat' dir='ltr'>una</span> <span class='ocrx_word' id='word_1_316' title='bbox 1767 2521 1877 2545; x_wconf 76' lang='lat' dir='ltr'>schiera</span> <span class='ocrx_word' id='word_1_317' title='bbox 1895 2520 1925 2545; x_wconf 89' lang='lat' dir='ltr'>di</span> <span class='ocrx_word' id='word_1_318' title='bbox 1939 2518 2072 2545; x_wconf 74' lang='lat' dir='ltr'>Crocluti</span> <span class='ocrx_word' id='word_1_319' title='bbox 2082 2519 2144 2549; x_wconf 85' lang='lat' dir='ltr'>che,</span> <span class='ocrx_word' id='word_1_320' title='bbox 2155 2517 2262 2544; x_wconf 68' lang='lat' dir='ltr'>raccol-</span> 
     </span>
     <span class='ocr_line' id='line_1_43' title="bbox 504 2560 2263 2596; baseline 0.001 -11"><span class='ocrx_word' id='word_1_321' title='bbox 504 2570 530 2585; x_wconf 86' lang='lat' dir='ltr'>v.</span> <span class='ocrx_word' id='word_1_322' title='bbox 548 2562 610 2591; x_wconf 76' lang='lat'><em>802)</em></span> <span class='ocrx_word' id='word_1_323' title='bbox 630 2560 757 2593; x_wconf 79' lang='lat' dir='ltr'>Blsogna</span> <span class='ocrx_word' id='word_1_324' title='bbox 776 2561 920 2586; x_wconf 68' lang='lat' dir='ltr'>ticon-dare</span> <span class='ocrx_word' id='word_1_325' title='bbox 933 2561 983 2586; x_wconf 86' lang='lat' dir='ltr'>che</span> <span class='ocrx_word' id='word_1_326' title='bbox 996 2561 1111 2586; x_wconf 86' lang='lat' dir='ltr'>Urbano</span> <span class='ocrx_word' id='word_1_327' title='bbox 1125 2569 1171 2587; x_wconf 82' lang='lat' dir='ltr'>era</span> <span class='ocrx_word' id='word_1_328' title='bbox 1185 2562 1312 2586; x_wconf 75' lang='lat' dir='ltr'>francese</span> <span class='ocrx_word' id='word_1_329' title='bbox 1366 2562 1415 2586; x_wconf 85' lang='lat' dir='ltr'>tisi</span> <span class='ocrx_word' id='word_1_330' title='bbox 1437 2571 1451 2587; x_wconf 86' lang='lat' dir='ltr'>a</span> <span class='ocrx_word' id='word_1_331' title='bbox 1471 2563 1573 2592; x_wconf 81' lang='lat' dir='ltr'>Lucca,</span> <span class='ocrx_word' id='word_1_332' title='bbox 1593 2564 1774 2588; x_wconf 79' lang='lat' dir='ltr'>marciarono</span> <span class='ocrx_word' id='word_1_333' title='bbox 1794 2570 1826 2587; x_wconf 85' lang='lat' dir='ltr'>su</span> <span class='ocrx_word' id='word_1_334' title='bbox 1843 2562 1934 2587; x_wconf 82' lang='lat' dir='ltr'>Roma</span> <span class='ocrx_word' id='word_1_335' title='bbox 1953 2570 1968 2587; x_wconf 88' lang='lat' dir='ltr'>e</span> <span class='ocrx_word' id='word_1_336' title='bbox 1988 2570 2023 2587; x_wconf 88' lang='lat' dir='ltr'>ne</span> <span class='ocrx_word' id='word_1_337' title='bbox 2035 2561 2179 2596; x_wconf 74' lang='lat' dir='ltr'>espulseto</span> <span class='ocrx_word' id='word_1_338' title='bbox 2191 2561 2263 2586; x_wconf 73' lang='lat' dir='ltr'>l’nu-</span> 
     </span>
     <span class='ocr_line' id='line_1_44' title="bbox 415 2601 2263 2638; baseline 0.001 -11"><span class='ocrx_word' id='word_1_339' title='bbox 415 2601 535 2635; x_wconf 86' lang='lat' dir='ltr'>(Ottone</span> <span class='ocrx_word' id='word_1_340' title='bbox 554 2603 585 2627; x_wconf 84' lang='lat' dir='ltr'>di</span> <span class='ocrx_word' id='word_1_341' title='bbox 604 2601 754 2628; x_wconf 87' lang='lat' dir='ltr'>Chatillon</span> <span class='ocrx_word' id='word_1_342' title='bbox 775 2604 804 2628; x_wconf 77' lang='lat' dir='ltr'>dl</span> <span class='ocrx_word' id='word_1_343' title='bbox 822 2601 930 2635; x_wconf 71' lang='lat' dir='ltr'>Reims)</span> <span class='ocrx_word' id='word_1_344' title='bbox 949 2611 964 2628; x_wconf 92' lang='lat' dir='ltr'>e</span> <span class='ocrx_word' id='word_1_345' title='bbox 983 2604 1033 2628; x_wconf 87' lang='lat' dir='ltr'>che</span> <span class='ocrx_word' id='word_1_346' title='bbox 1052 2604 1129 2638; x_wconf 86' lang='lat' dir='ltr'>dopo</span> <span class='ocrx_word' id='word_1_347' title='bbox 1142 2604 1263 2629; x_wconf 79' lang='lat' dir='ltr'>stefano</span> <span class='ocrx_word' id='word_1_348' title='bbox 1277 2604 1312 2634; x_wconf 89' lang='lat'>11,</span> <span class='ocrx_word' id='word_1_349' title='bbox 1365 2606 1475 2637; x_wconf 81' lang='lat' dir='ltr'>tipapa.</span> <span class='ocrx_word' id='word_1_350' title='bbox 1512 2605 1548 2630; x_wconf 93' lang='lat' dir='ltr'>D.</span> <span class='ocrx_word' id='word_1_351' title='bbox 1568 2605 1594 2630; x_wconf 84' lang='lat' dir='ltr'>al</span> <span class='ocrx_word' id='word_1_352' title='bbox 1615 2613 1642 2630; x_wconf 87' lang='lat' dir='ltr'>v.</span> <span class='ocrx_word' id='word_1_353' title='bbox 1663 2612 1712 2638; x_wconf 86' lang='lat'>7²²</span> <span class='ocrx_word' id='word_1_354' title='bbox 1727 2605 1894 2638; x_wconf 79' lang='lat' dir='ltr'>(valedicens</span> <span class='ocrx_word' id='word_1_355' title='bbox 1906 2602 2049 2638; x_wconf 68' lang='lat' dir='ltr'>sibizei)</span> <span class='ocrx_word' id='word_1_356' title='bbox 2063 2605 2092 2630; x_wconf 77' lang='lat' dir='ltr'>fn.</span> <span class='ocrx_word' id='word_1_357' title='bbox 2104 2603 2200 2638; x_wconf 64' lang='lat' dir='ltr'>cupite</span> <span class='ocrx_word' id='word_1_358' title='bbox 2212 2603 2263 2629; x_wconf 79' lang='lat' dir='ltr'>che</span> 
     </span>
     <span class='ocr_line' id='line_1_45' title="bbox 415 2645 2260 2680; baseline 0 -10"><span class='ocrx_word' id='word_1_359' title='bbox 415 2646 465 2670; x_wconf 90' lang='lat' dir='ltr'>che</span> <span class='ocrx_word' id='word_1_360' title='bbox 484 2652 573 2670; x_wconf 77' lang='lat' dir='ltr'>aveva</span> <span class='ocrx_word' id='word_1_361' title='bbox 591 2648 735 2671; x_wconf 81' lang='lat' dir='ltr'>coronato</span> <span class='ocrx_word' id='word_1_362' title='bbox 760 2645 867 2678; x_wconf 88' lang='lat' dir='ltr'>Pipino</span> <span class='ocrx_word' id='word_1_363' title='bbox 894 2646 914 2670; x_wconf 85' lang='lat' dir='ltr'>il</span> <span class='ocrx_word' id='word_1_364' title='bbox 943 2647 1029 2671; x_wconf 86' lang='lat' dir='ltr'>Breve</span> <span class='ocrx_word' id='word_1_365' title='bbox 1050 2647 1095 2671; x_wconf 92' lang='lat' dir='ltr'>nel</span> <span class='ocrx_word' id='word_1_366' title='bbox 1122 2652 1180 2680; x_wconf 82' lang='lat'>753,</span> <span class='ocrx_word' id='word_1_367' title='bbox 1210 2654 1311 2672; x_wconf 85' lang='lat' dir='ltr'>nessun</span> <span class='ocrx_word' id='word_1_368' title='bbox 1365 2646 1482 2671; x_wconf 86' lang='lat' dir='ltr'>Urbano</span> <span class='ocrx_word' id='word_1_369' title='bbox 1503 2649 1527 2672; x_wconf 85' lang='lat' dir='ltr'>si</span> <span class='ocrx_word' id='word_1_370' title='bbox 1548 2646 1678 2679; x_wconf 69' lang='lat' dir='ltr'>congede</span> <span class='ocrx_word' id='word_1_371' title='bbox 1698 2648 1733 2672; x_wconf 87' lang='lat' dir='ltr'>da</span> <span class='ocrx_word' id='word_1_372' title='bbox 1751 2647 1873 2672; x_wconf 82' lang='lat' dir='ltr'>Matilde</span> <span class='ocrx_word' id='word_1_373' title='bbox 1892 2654 1907 2672; x_wconf 88' lang='lat' dir='ltr'>e</span> <span class='ocrx_word' id='word_1_374' title='bbox 1926 2645 2058 2680; x_wconf 74' lang='lat' dir='ltr'>prosegul</span> <span class='ocrx_word' id='word_1_375' title='bbox 2078 2653 2160 2671; x_wconf 64' lang='lat' dir='ltr'>senze</span> <span class='ocrx_word' id='word_1_376' title='bbox 2179 2645 2210 2670; x_wconf 80' lang='lat' dir='ltr'>dl</span> <span class='ocrx_word' id='word_1_377' title='bbox 2223 2646 2260 2671; x_wconf 78' lang='lat' dir='ltr'>lei</span> 
     </span>
     <span class='ocr_line' id='line_1_46' title="bbox 416 2685 2260 2722; baseline 0.001 -10"><span class='ocrx_word' id='word_1_378' title='bbox 416 2694 489 2720; x_wconf 79' lang='lat' dir='ltr'>papa</span> <span class='ocrx_word' id='word_1_379' title='bbox 508 2695 556 2713; x_wconf 79' lang='lat' dir='ltr'>era</span> <span class='ocrx_word' id='word_1_380' title='bbox 574 2685 626 2720; x_wconf 65' lang='lat' dir='ltr'>piu</span> <span class='ocrx_word' id='word_1_381' title='bbox 646 2690 721 2713; x_wconf 78' lang='lat' dir='ltr'>stato</span> <span class='ocrx_word' id='word_1_382' title='bbox 743 2689 772 2712; x_wconf 88' lang='lat' dir='ltr'>in</span> <span class='ocrx_word' id='word_1_383' title='bbox 793 2688 924 2713; x_wconf 79' lang='lat' dir='ltr'>Francia.</span> <span class='ocrx_word' id='word_1_384' title='bbox 1366 2696 1414 2721; x_wconf 86' lang='lat' dir='ltr'>per</span> <span class='ocrx_word' id='word_1_385' title='bbox 1439 2688 1538 2720; x_wconf 85' lang='lat' dir='ltr'>Roma,</span> <span class='ocrx_word' id='word_1_386' title='bbox 1564 2692 1673 2715; x_wconf 83' lang='lat' dir='ltr'>mentre</span> <span class='ocrx_word' id='word_1_387' title='bbox 1698 2691 1728 2714; x_wconf 88' lang='lat' dir='ltr'>in</span> <span class='ocrx_word' id='word_1_388' title='bbox 1752 2697 1808 2714; x_wconf 83' lang='lat' dir='ltr'>una</span> <span class='ocrx_word' id='word_1_389' title='bbox 1834 2690 1935 2714; x_wconf 82' lang='lat' dir='ltr'>lettera</span> <span class='ocrx_word' id='word_1_390' title='bbox 1955 2689 2001 2714; x_wconf 87' lang='lat' dir='ltr'>del</span> <span class='ocrx_word' id='word_1_391' title='bbox 2025 2696 2108 2722; x_wconf 70' lang='lat' dir='ltr'>papa,</span> <span class='ocrx_word' id='word_1_392' title='bbox 2127 2688 2172 2714; x_wconf 83' lang='lat' dir='ltr'>del</span> <span class='ocrx_word' id='word_1_393' title='bbox 2194 2693 2260 2722; x_wconf 79' lang='lat'><strong>1097</strong></span> 
     </span>
     <span class='ocr_line' id='line_1_47' title="bbox 358 2729 2262 2765; baseline 0.001 -11"><span class='ocrx_word' id='word_1_394' title='bbox 358 2737 389 2754; x_wconf 91' lang='lat'>10</span> <span class='ocrx_word' id='word_1_395' title='bbox 504 2738 529 2754; x_wconf 84' lang='lat' dir='ltr'>v.</span> <span class='ocrx_word' id='word_1_396' title='bbox 549 2730 610 2762; x_wconf 85' lang='lat'><em>804)</em></span> <span class='ocrx_word' id='word_1_397' title='bbox 631 2731 731 2755; x_wconf 83' lang='lat' dir='ltr'>Pastor</span> <span class='ocrx_word' id='word_1_398' title='bbox 750 2730 809 2755; x_wconf 73' lang='lat' dir='ltr'>vice</span> <span class='ocrx_word' id='word_1_399' title='bbox 824 2731 910 2761; x_wconf 77' lang='lat' dir='ltr'>petri,</span> <span class='ocrx_word' id='word_1_400' title='bbox 929 2731 1039 2756; x_wconf 78' lang='lat' dir='ltr'>vicario</span> <span class='ocrx_word' id='word_1_401' title='bbox 1059 2732 1088 2756; x_wconf 87' lang='lat' dir='ltr'>di</span> <span class='ocrx_word' id='word_1_402' title='bbox 1106 2731 1214 2756; x_wconf 80' lang='lat' dir='ltr'>Pietro.</span> <span class='ocrx_word' id='word_1_403' title='bbox 1366 2739 1438 2763; x_wconf 85' lang='lat' dir='ltr'>poco</span> <span class='ocrx_word' id='word_1_404' title='bbox 1458 2733 1533 2765; x_wconf 88' lang='lat' dir='ltr'>dopo</span> <span class='ocrx_word' id='word_1_405' title='bbox 1555 2733 1575 2756; x_wconf 91' lang='lat' dir='ltr'>il</span> <span class='ocrx_word' id='word_1_406' title='bbox 1596 2733 1720 2765; x_wconf 80' lang='lat' dir='ltr'>gennaio</span> <span class='ocrx_word' id='word_1_407' title='bbox 1740 2730 1843 2764; x_wconf 54' lang='grc' dir='ltr'>(μετὰ</span> <span class='ocrx_word' id='word_1_408' title='bbox 1865 2735 1905 2763; x_wconf 78' lang='lat' dir='ltr'>op.</span> <span class='ocrx_word' id='word_1_409' title='bbox 1925 2732 1979 2761; x_wconf 64' lang='lat' dir='ltr'>cit„</span> <span class='ocrx_word' id='word_1_410' title='bbox 1999 2739 2026 2756; x_wconf 91' lang='lat' dir='ltr'>n.</span> <span class='ocrx_word' id='word_1_411' title='bbox 2050 2729 2141 2764; x_wconf 80' lang='lat'>3678),</span> <span class='ocrx_word' id='word_1_412' title='bbox 2159 2737 2177 2755; x_wconf 80' lang='grc' dir='ltr'>ι,</span> <span class='ocrx_word' id='word_1_413' title='bbox 2198 2729 2262 2764; x_wconf 73' lang='lat' dir='ltr'>Ugo</span> 
     </span>
     <span class='ocr_line' id='line_1_48' title="bbox 505 2771 2261 2807; baseline 0.001 -11"><span class='ocrx_word' id='word_1_414' title='bbox 505 2781 530 2797; x_wconf 81' lang='lat' dir='ltr'>v.</span> <span class='ocrx_word' id='word_1_415' title='bbox 549 2771 614 2806; x_wconf 83' lang='lat'><em>805)</em></span> <span class='ocrx_word' id='word_1_416' title='bbox 632 2773 655 2797; x_wconf 95' lang='lat' dir='ltr'>Il</span> <span class='ocrx_word' id='word_1_417' title='bbox 676 2773 801 2798; x_wconf 85' lang='lat' dir='ltr'>concilio</span> <span class='ocrx_word' id='word_1_418' title='bbox 821 2774 848 2797; x_wconf 81' lang='lat' dir='ltr'>di</span> <span class='ocrx_word' id='word_1_419' title='bbox 875 2773 1162 2799; x_wconf 78' lang='lat' dir='ltr'>clermont-Ferrand</span> <span class='ocrx_word' id='word_1_420' title='bbox 1189 2773 1235 2798; x_wconf 88' lang='lat' dir='ltr'>del</span> <span class='ocrx_word' id='word_1_421' title='bbox 1261 2782 1311 2799; x_wconf 90' lang='lat' dir='ltr'>no·</span> <span class='ocrx_word' id='word_1_422' title='bbox 1366 2774 1394 2798; x_wconf 93' lang='lat' dir='ltr'>di</span> <span class='ocrx_word' id='word_1_423' title='bbox 1409 2773 1509 2803; x_wconf 86' lang='lat' dir='ltr'>Lione,</span> <span class='ocrx_word' id='word_1_424' title='bbox 1523 2773 1538 2799; x_wconf 78' lang='grc' dir='ltr'>ὲ</span> <span class='ocrx_word' id='word_1_425' title='bbox 1557 2775 1637 2799; x_wconf 84' lang='lat' dir='ltr'>detto</span> <span class='ocrx_word' id='word_1_426' title='bbox 1656 2775 1877 2807; x_wconf 78' lang='lat' dir='ltr'>espressamente</span> <span class='ocrx_word' id='word_1_427' title='bbox 1898 2773 2009 2806; x_wconf 76' lang='lat' dir='ltr'>“usque</span> <span class='ocrx_word' id='word_1_428' title='bbox 2027 2772 2063 2798; x_wconf 75' lang='lat' dir='ltr'>ad</span> <span class='ocrx_word' id='word_1_429' title='bbox 2081 2773 2177 2798; x_wconf 74' lang='lat' dir='ltr'>urhem</span> <span class='ocrx_word' id='word_1_430' title='bbox 2196 2779 2261 2797; x_wconf 86' lang='lat' dir='ltr'>cum</span> 
     </span>
     <span class='ocr_line' id='line_1_49' title="bbox 417 2814 2273 2852; baseline 0.001 -14"><span class='ocrx_word' id='word_1_431' title='bbox 417 2815 683 2839; x_wconf 85' lang='lat' dir='ltr'>vembre-dicembre</span> <span class='ocrx_word' id='word_1_432' title='bbox 705 2821 781 2848; x_wconf 81' lang='lat'>1095,</span> <span class='ocrx_word' id='word_1_433' title='bbox 800 2816 830 2840; x_wconf 83' lang='lat' dir='ltr'>in</span> <span class='ocrx_word' id='word_1_434' title='bbox 850 2817 894 2840; x_wconf 90' lang='lat' dir='ltr'>cui</span> <span class='ocrx_word' id='word_1_435' title='bbox 917 2816 948 2840; x_wconf 83' lang='lat' dir='ltr'>su</span> <span class='ocrx_word' id='word_1_436' title='bbox 966 2816 1093 2847; x_wconf 81' lang='lat' dir='ltr'>bandita,</span> <span class='ocrx_word' id='word_1_437' title='bbox 1119 2823 1197 2841; x_wconf 91' lang='lat' dir='ltr'>come</span> <span class='ocrx_word' id='word_1_438' title='bbox 1221 2814 1269 2849; x_wconf 68' lang='lat' dir='ltr'>gin</span> <span class='ocrx_word' id='word_1_439' title='bbox 1294 2823 1310 2840; x_wconf 77' lang='lat' dir='ltr'>a</span> <span class='ocrx_word' id='word_1_440' title='bbox 1368 2816 1539 2841; x_wconf 83' lang='lat' dir='ltr'>“comitissa</span> <span class='ocrx_word' id='word_1_441' title='bbox 1554 2816 1697 2841; x_wconf 80' lang='lat' dir='ltr'>Mathilda</span> <span class='ocrx_word' id='word_1_442' title='bbox 1716 2816 1831 2849; x_wconf 79' lang='lat' dir='ltr'>pacifice</span> <span class='ocrx_word' id='word_1_443' title='bbox 1850 2816 1980 2840; x_wconf 84' lang='lat' dir='ltr'>venimus</span> <span class='ocrx_word' id='word_1_444' title='bbox 1992 2834 2005 2849; x_wconf 75' lang='grc'>,</span> <span class='ocrx_word' id='word_1_445' title='bbox 2025 2814 2187 2846; x_wconf 68' lang='grc' dir='ltr'>(Βουιιυιτ,</span> <span class='ocrx_word' id='word_1_446' title='bbox 2206 2815 2273 2852; x_wconf 43' lang='lat' dir='ltr'>Res</span> 
     </span>
     <span class='ocr_line' id='line_1_50' title="bbox 418 2857 1630 2891; baseline 0.002 -10"><span class='ocrx_word' id='word_1_447' title='bbox 418 2857 564 2888; x_wconf 84' lang='lat' dir='ltr'>Piacenza,</span> <span class='ocrx_word' id='word_1_448' title='bbox 586 2858 614 2882; x_wconf 89' lang='lat' dir='ltr'>la</span> <span class='ocrx_word' id='word_1_449' title='bbox 632 2857 645 2882; x_wconf 89' lang='lat'>1</span> <span class='ocrx_word' id='word_1_450' title='bbox 665 2857 810 2883; x_wconf 82' lang='lat' dir='ltr'>Crociata.</span> <span class='ocrx_word' id='word_1_451' title='bbox 1365 2859 1443 2889; x_wconf 79' lang='lat' dir='ltr'>cueil,</span> <span class='ocrx_word' id='word_1_452' title='bbox 1462 2858 1535 2888; x_wconf 85' lang='lat' dir='ltr'>XIV,</span> <span class='ocrx_word' id='word_1_453' title='bbox 1556 2857 1630 2891; x_wconf 87' lang='lat'><strong>728).</strong></span> 
     </span>
     <span class='ocr_line' id='line_1_51' title="bbox 505 2899 2260 2934; baseline 0 -10"><span class='ocrx_word' id='word_1_454' title='bbox 505 2908 530 2924; x_wconf 78' lang='grc' dir='ltr'>υ.</span> <span class='ocrx_word' id='word_1_455' title='bbox 543 2900 607 2931; x_wconf 84' lang='lat'><em>814)</em></span> <span class='ocrx_word' id='word_1_456' title='bbox 620 2904 730 2932; x_wconf 82' lang='lat' dir='ltr'>uterque</span> <span class='ocrx_word' id='word_1_457' title='bbox 742 2909 816 2925; x_wconf 72' lang='lat' dir='ltr'>sexus</span> <span class='ocrx_word' id='word_1_458' title='bbox 826 2902 924 2933; x_wconf 74' lang='lat' dir='ltr'>gliscit</span> <span class='ocrx_word' id='word_1_459' title='bbox 936 2903 996 2931; x_wconf 82' lang='lat' dir='ltr'>ete.,</span> <span class='ocrx_word' id='word_1_460' title='bbox 1011 2909 1133 2926; x_wconf 84' lang='lat' dir='ltr'>accenna</span> <span class='ocrx_word' id='word_1_461' title='bbox 1147 2902 1206 2926; x_wconf 81' lang='lat' dir='ltr'>alla</span> <span class='ocrx_word' id='word_1_462' title='bbox 1220 2903 1311 2934; x_wconf 86' lang='lat' dir='ltr'>prima</span> <span class='ocrx_word' id='word_1_463' title='bbox 1453 2900 1560 2930; x_wconf 77' lang='lat' dir='ltr'>Questo</span> <span class='ocrx_word' id='word_1_464' title='bbox 1581 2901 1705 2927; x_wconf 83' lang='lat' dir='ltr'>abituale</span> <span class='ocrx_word' id='word_1_465' title='bbox 1725 2901 1841 2926; x_wconf 80' lang='lat' dir='ltr'>silenzio</span> <span class='ocrx_word' id='word_1_466' title='bbox 1860 2901 1889 2925; x_wconf 89' lang='lat' dir='ltr'>di</span> <span class='ocrx_word' id='word_1_467' title='bbox 1909 2901 1944 2925; x_wconf 93' lang='lat' dir='ltr'>D.</span> <span class='ocrx_word' id='word_1_468' title='bbox 1965 2902 2007 2925; x_wconf 82' lang='lat' dir='ltr'>sui</span> <span class='ocrx_word' id='word_1_469' title='bbox 2035 2900 2131 2934; x_wconf 73' lang='lat' dir='ltr'>vlnggl</span> <span class='ocrx_word' id='word_1_470' title='bbox 2151 2899 2180 2924; x_wconf 83' lang='lat' dir='ltr'>di</span> <span class='ocrx_word' id='word_1_471' title='bbox 2201 2899 2260 2924; x_wconf 78' lang='grc' dir='ltr'>Μι-</span> 
     </span>
     <span class='ocr_line' id='line_1_52' title="bbox 359 2941 2273 2977; baseline 0.002 -13"><span class='ocrx_word' id='word_1_472' title='bbox 359 2947 388 2971; x_wconf 83' lang='lat'>15</span> <span class='ocrx_word' id='word_1_473' title='bbox 417 2941 580 2973; x_wconf 85' lang='lat' dir='ltr'>spedizione</span> <span class='ocrx_word' id='word_1_474' title='bbox 599 2942 780 2967; x_wconf 79' lang='lat' dir='ltr'>disordinata</span> <span class='ocrx_word' id='word_1_475' title='bbox 799 2943 845 2968; x_wconf 83' lang='lat' dir='ltr'>del</span> <span class='ocrx_word' id='word_1_476' title='bbox 867 2943 935 2975; x_wconf 85' lang='lat'>1096</span> <span class='ocrx_word' id='word_1_477' title='bbox 954 2944 984 2968; x_wconf 86' lang='lat' dir='ltr'>di</span> <span class='ocrx_word' id='word_1_478' title='bbox 1003 2943 1101 2968; x_wconf 87' lang='lat' dir='ltr'>Pietro</span> <span class='ocrx_word' id='word_1_479' title='bbox 1120 2944 1259 2969; x_wconf 83' lang='lat' dir='ltr'>l&#39;eremita</span> <span class='ocrx_word' id='word_1_480' title='bbox 1279 2944 1310 2968; x_wconf 84' lang='lat' dir='ltr'>ln</span> <span class='ocrx_word' id='word_1_481' title='bbox 1365 2944 1438 2968; x_wconf 82' lang='lat' dir='ltr'>tilde</span> <span class='ocrx_word' id='word_1_482' title='bbox 1457 2952 1472 2969; x_wconf 74' lang='lat' dir='ltr'><strong>a</strong></span> <span class='ocrx_word' id='word_1_483' title='bbox 1492 2945 1582 2969; x_wconf 82' lang='lat' dir='ltr'>Roma</span> <span class='ocrx_word' id='word_1_484' title='bbox 1602 2944 1711 2968; x_wconf 78' lang='lat' dir='ltr'>sembra</span> <span class='ocrx_word' id='word_1_485' title='bbox 1730 2945 1859 2977; x_wconf 83' lang='lat' dir='ltr'>sospetto</span> <span class='ocrx_word' id='word_1_486' title='bbox 1873 2943 1899 2968; x_wconf 84' lang='lat' dir='ltr'>al</span> <span class='ocrx_word' id='word_1_487' title='bbox 1919 2942 2138 2974; x_wconf 81' lang='lat' dir='ltr'>Pannenborge</span> <span class='ocrx_word' id='word_1_488' title='bbox 2150 2941 2273 2968; x_wconf 46' lang='grc' dir='ltr'>ι’ὶνοΙῒοἸ</span> 
     </span>
    </p>
   </div>
   <div class='ocr_carea' id='block_1_6' title="bbox 419 2983 1311 3060">
    <p class='ocr_par' dir='ltr' id='par_1_10' title="bbox 419 2983 1311 3060">
     <span class='ocr_line' id='line_1_53' title="bbox 419 2983 800 3010; baseline 0.008 -3"><span class='ocrx_word' id='word_1_489' title='bbox 419 2983 463 3007; x_wconf 78' lang='lat' dir='ltr'>cui</span> <span class='ocrx_word' id='word_1_490' title='bbox 483 2990 570 3007; x_wconf 84' lang='lat' dir='ltr'>erano</span> <span class='ocrx_word' id='word_1_491' title='bbox 591 2985 678 3009; x_wconf 79' lang='lat' dir='ltr'>molte</span> <span class='ocrx_word' id='word_1_492' title='bbox 698 2986 800 3010; x_wconf 89' lang='lat' dir='ltr'>donne.</span> 
     </span>
     <span class='ocr_line' id='line_1_54' title="bbox 506 3026 1311 3060; baseline 0.005 -11"><span class='ocrx_word' id='word_1_493' title='bbox 506 3033 552 3051; x_wconf 78' lang='lat' dir='ltr'>vv.</span> <span class='ocrx_word' id='word_1_494' title='bbox 570 3026 676 3059; x_wconf 77' lang='lat'><em>818-19)</em></span> <span class='ocrx_word' id='word_1_495' title='bbox 696 3029 759 3052; x_wconf 84' lang='lat' dir='ltr'>duos</span> <span class='ocrx_word' id='word_1_496' title='bbox 778 3036 858 3052; x_wconf 78' lang='lat' dir='ltr'>annos</span> <span class='ocrx_word' id='word_1_497' title='bbox 880 3029 919 3053; x_wconf 83' lang='lat' dir='ltr'>ibi</span> <span class='ocrx_word' id='word_1_498' title='bbox 929 3029 996 3060; x_wconf 76' lang='lat' dir='ltr'>fere</span> <span class='ocrx_word' id='word_1_499' title='bbox 1015 3030 1077 3059; x_wconf 59' lang='lat' dir='ltr'>ete,</span> <span class='ocrx_word' id='word_1_500' title='bbox 1098 3028 1222 3057; x_wconf 83' lang='lat' dir='ltr'>Urbano,</span> <span class='ocrx_word' id='word_1_501' title='bbox 1243 3029 1311 3053; x_wconf 80' lang='lat' dir='ltr'>arri-</span> 
     </span>
    </p>
   </div>
   <div class='ocr_carea' id='block_1_7' title="bbox 1365 2983 2273 3065">
    <p class='ocr_par' dir='ltr' id='par_1_11' title="bbox 1365 2983 2273 3065">
     <span class='ocr_line' id='line_1_55' title="bbox 1366 2983 2259 3018; baseline -0.001 -8"><span class='ocrx_word' id='word_1_502' title='bbox 1366 2995 1380 3011; x_wconf 82' lang='lat' dir='ltr'>a</span> <span class='ocrx_word' id='word_1_503' title='bbox 1402 2994 1459 3010; x_wconf 91' lang='lat' dir='ltr'>non</span> <span class='ocrx_word' id='word_1_504' title='bbox 1480 2986 1650 3011; x_wconf 88' lang='lat' dir='ltr'>risollevare</span> <span class='ocrx_word' id='word_1_505' title='bbox 1669 2986 1695 3010; x_wconf 89' lang='lat' dir='ltr'>le</span> <span class='ocrx_word' id='word_1_506' title='bbox 1714 2986 1820 3011; x_wconf 68' lang='lat' dir='ltr'>dicen-ie</span> <span class='ocrx_word' id='word_1_507' title='bbox 1837 2983 1887 3018; x_wconf 56' lang='lat' dir='ltr'>gia</span> <span class='ocrx_word' id='word_1_508' title='bbox 1900 2992 1980 3010; x_wconf 84' lang='lat' dir='ltr'>corse</span> <span class='ocrx_word' id='word_1_509' title='bbox 1993 2987 2036 3010; x_wconf 84' lang='lat' dir='ltr'>sul</span> <span class='ocrx_word' id='word_1_510' title='bbox 2051 2986 2113 3010; x_wconf 80' lang='lat' dir='ltr'>suoi</span> <span class='ocrx_word' id='word_1_511' title='bbox 2128 2985 2259 3018; x_wconf 62' lang='lat' dir='ltr'>repperti</span> 
     </span>
     <span class='ocr_line' id='line_1_56' title="bbox 1365 3025 2273 3065; baseline -0.002 -12"><span class='ocrx_word' id='word_1_512' title='bbox 1365 3035 1419 3053; x_wconf 89' lang='lat' dir='ltr'>con</span> <span class='ocrx_word' id='word_1_513' title='bbox 1440 3027 1582 3061; x_wconf 81' lang='lat' dir='ltr'>Gregorio</span> <span class='ocrx_word' id='word_1_514' title='bbox 1603 3028 1663 3053; x_wconf 87' lang='lat' dir='ltr'><strong>VII.</strong></span> <span class='ocrx_word' id='word_1_515' title='bbox 1701 3029 1727 3052; x_wconf 84' lang='lat' dir='ltr'>A</span> <span class='ocrx_word' id='word_1_516' title='bbox 1753 3036 1796 3052; x_wconf 87' lang='lat' dir='ltr'>me</span> <span class='ocrx_word' id='word_1_517' title='bbox 1822 3028 1930 3052; x_wconf 81' lang='lat' dir='ltr'>sembra</span> <span class='ocrx_word' id='word_1_518' title='bbox 1956 3025 2006 3061; x_wconf 68' lang='lat' dir='ltr'>pit:</span> <span class='ocrx_word' id='word_1_519' title='bbox 2031 3027 2178 3052; x_wconf 76' lang='lat' dir='ltr'>conforme</span> <span class='ocrx_word' id='word_1_520' title='bbox 2201 3026 2273 3065; x_wconf 52' lang='lat' dir='ltr'>nlla}</span> 
     </span>
    </p>
   </div>
   <div class='ocr_carea' id='block_1_8' title="bbox 2277 0 2288 3476">
    <p class='ocr_par' dir='ltr' id='par_1_12' title="bbox 2277 0 2288 3476">
     <span class='ocr_line' id='line_1_57' title="bbox 2277 0 2288 3476; baseline 0 0"><span class='ocrx_word' id='word_1_521' title='bbox 2277 0 2288 3476; x_wconf 95' lang='lat' dir='ltr'> </span> 
     </span>
    </p>
   </div>
  </div>
 </body>
</html>
