2288 3476
421 218 551 255 XLVI
1177 219 1478 256 PREFAZION
1483 221 1515 256 E

506 342 609 385 Cepit
632 342 804 384 imperare
827 352 920 374 anno
944 343 1073 375 domini
1097 343 1295 387 nonagintis
1319 343 1550 387 quadraginta
1571 350 1661 384 octo,
1685 344 1867 387 imperavit
1889 346 1989 379 annis
2011 347 2186 381 undecim.

512 395 582 433 Qui
606 394 795 427 Lombardi
820 395 1003 428 voluerunt
1035 396 1117 428 dare
1142 396 1269 429 dictam
1293 395 1478 428 Adeletam
1502 396 1536 429 in
1559 407 1714 439 uxorem,
1738 398 1800 430 sed
1823 398 1899 441 ipsa
1929 399 2038 432 noluit
2061 406 2096 432 et
2117 406 2262 444 propter
2286 442 2288 447 .

422 449 491 481 hoc
514 459 575 480 rex
597 449 795 491 indignatus
820 459 895 481 eam
919 449 1018 481 iussit
1040 449 1122 491 poni
1146 450 1182 480 in
1207 449 1309 482 turris
1332 450 1443 482 fundo
1468 451 1561 492 apud
1593 450 1757 490 Gardam,
1789 462 1865 484 cum
1896 453 2089 495 presbitero
2112 454 2262 497 quodam

419 502 570 535 Martino
595 508 629 534 et
652 512 730 534 cum
753 512 822 533 una
845 512 906 534 sua
929 501 1044 534 ancila
1066 509 1102 535 et
1125 502 1308 535 serviente.

504 616 609 650 Eeco
637 614 661 649 il
681 614 824 650 brano'
815 626 853 649 m
873 615 932 650 cui
952 616 971 649 ὲ
991 616 1168 651 riassunto
1187 615 1384 662 l'episodio
1404 615 1440 651 di
1461 618 1624 652 Canossa
1643 617 1709 653 che
1729 619 1749 652 ὲ
1776 618 1995 654 abbastanza
2024 625 2156 665 esatto,
2175 615 2288 662 ben-1¹

420 683 485 717 che
515 682 633 716 faccia
661 682 788 716 venire
817 682 955 718 Enrico
991 683 1028 717 in
1057 682 1281 718 Lombardia
1319 683 1436 729 prima
1472 683 1509 718 di
1546 684 1744 730 Gregorio,
1774 696 1881 720 come
1919 686 1981 732 piu
2017 666 2288 736 chiaramente‘l

420 748 619 795 l'Epztome
647 748 862 797 Reggiana.
2272 737 2288 808 Ξ]

505 841 642 873 Deinde
667 840 838 873 Henricus
860 841 988 873 tercius
1010 841 1198 883 imperator
1221 843 1457 875 Romanorum
1473 843 1618 875 venitin
1634 843 1880 876 Lombardiam
1903 854 2030 888 rogans
2044 836 2281 879 Comitissam

419 893 590 926 Matildim
614 899 652 926 ut
675 894 707 925 ei
731 893 931 927 subveniret
946 904 988 926 ac
1013 894 1124 927 eidem
1147 895 1247 928 daret
1269 896 1432 928 auxilium
1455 896 1713 938 interponendo
1736 908 1772 929 se
1797 904 1832 930 et
1854 897 2020 931 faciendo
2044 908 2167 940 pacem
2183 909 2262 932 cum

418 947 557 980 domino
580 957 682 990 papa,
705 953 850 989 propter
872 958 940 990 que
964 948 1118 981 Matildis
1141 949 1301 991 predicta
1323 949 1501 982 mandavit
1524 950 1664 982 domino
1688 961 1790 993 pape,
1814 956 1852 983 ut
1875 951 2007 984 veniret
2029 951 2065 983 in
2096 951 2283 986 Lamban

416 1001 508 1033 diam
524 1001 570 1033 ad
592 1007 720 1033 terram
744 1001 907 1034 Canosse.
955 1000 1028 1039 Qui
1051 1001 1212 1044 precibus
1236 1002 1309 1034 eius
1325 1002 1421 1035 venit
1444 1002 1641 1041 Canossam,
1665 1009 1700 1035 et
1722 1004 1789 1036 hoc
1812 1004 1941 1036 etidem
1964 1004 2052 1038 fecit
2066 1001 2287 1048 imperator‚·¹

416 1060 450 1086 et
473 1065 551 1087 cum
574 1053 622 1086 ibi
645 1054 796 1092 fuerunt,
819 1060 967 1087 tractata
989 1054 1056 1087 fuit
1077 1065 1146 1097 pax
1167 1055 1259 1087 inter
1281 1066 1408 1097 papam
1431 1061 1466 1088 et
1490 1056 1731 1098 imperatorem
1755 1068 1820 1099 per
1842 1057 2060 1090 comitissam
2091 1055 2271 1092 Matildim'

417 1113 451 1139 et
473 1107 633 1151 Ugonem
656 1106 818 1140 abbatem
842 1106 1107 1140 Cluniacensem
1132 1114 1167 1141 et
1204 1109 1372 1151 quosdam
1396 1108 1491 1148 alios,
1515 1115 1550 1141 et
1573 1120 1651 1142 cum
1674 1116 1821 1143 tractata
1837 1117 1927 1143 esset
1942 1122 2011 1153 pax
2025 1122 2088 1154 per
2102 1118 2172 1145 tres
2188 1112 2271 1146 dies'

416 1167 450 1193 et
472 1161 660 1203 imperator
682 1161 851 1194 recedere
874 1161 989 1200 vellet,
1012 1162 1088 1203 ipsa
1110 1161 1270 1194 Matildis
1284 1172 1321 1194 se
1345 1162 1553 1205 interposuit
1568 1169 1604 1195 et
1626 1164 1722 1205 fecit,
1738 1164 1834 1207 quod
1848 1164 2040 1206 imperator
2054 1165 2151 1198 flexis
2163 1165 2265 1210 geni-

418 1215 480 1247 bus
502 1214 733 1247 descalciatus
755 1214 798 1247 de
822 1225 938 1247 mense
962 1215 1111 1247 Ianuarii
1135 1225 1252 1247 coram
1276 1216 1417 1248 domino
1441 1226 1533 1258 papa
1556 1217 1731 1259 promissit
1753 1227 1790 1250 se
1813 1223 1904 1250 stare
1935 1219 2106 1251 mandatis
2129 1218 2274 1264 domini?

417 1278 518 1310 pape,
542 1274 576 1300 et
598 1267 734 1311 rogavit
757 1267 889 1300 dictum
912 1267 1072 1311 Ugonem
1096 1274 1133 1300 ut
1155 1268 1334 1301 fideiussor
1357 1269 1520 1302 existeret
1543 1269 1636 1312 apud
1660 1270 1836 1303 dominum
1853 1281 1996 1313 papam:
2019 1277 2054 1305 et
2076 1271 2128 1305 sic
2152 1272 2263 1306 domi-

417 1331 481 1353 nus
503 1331 596 1363 papa
618 1331 695 1353 eum
718 1320 898 1353 benedixit
921 1326 956 1353 et
980 1321 1115 1363 recepit
1139 1326 1174 1353 et
1198 1321 1313 1354 eidem
1336 1322 1473 1354 missam
1498 1322 1660 1362 cantavit,
1684 1329 1718 1355 et
1740 1334 1856 1356 secum
1881 1324 2035 1357 comedit
2055 1331 2091 1358 et
2112 1325 2150 1358 in
2179 1327 2278 1359 con-‘

418 1375 510 1407 vivio
533 1374 600 1406 fuit
623 1374 715 1416 apud
739 1384 855 1406 arcem
879 1374 1098 1412 Canusinam,
1123 1374 1215 1407 inter
1236 1385 1324 1418 quos
1346 1375 1455 1407 maior
1482 1381 1557 1408 erat
1580 1376 1720 1419 quidam
1745 1377 1935 1410 Guibertus
1965 1377 2271 1422 Archiepiscopus¹

416 1428 586 1461 Ravenne
609 1427 670 1470 qui
693 1437 801 1470 usque
826 1427 871 1459 ad
894 1433 1030 1470 tempus
1052 1428 1144 1461 istud
1168 1429 1301 1461 amicus
1324 1434 1359 1461 et
1383 1429 1498 1462 iactor
1521 1436 1596 1462 erat
1618 1431 1750 1463 romani
1773 1431 1959 1472 pontificis,
1982 1431 2044 1464 sed
2065 1438 2180 1465 tamen
2201 1441 2262 1464 ac-

416 1491 540 1514 census
563 1481 693 1514 invidia
715 1481 837 1514 volens
860 1491 935 1513 esse
951 1492 1052 1524 papa,
1076 1482 1234 1515 adhaesit
1249 1482 1450 1524 imperatori
1466 1488 1510 1518 et,
1526 1483 1719 1516 discordias
1734 1494 1879 1527 ponens,
1895 1485 1983 1518 fecit
2004 1486 2099 1528 quod
2114 1485 2273 1528 impera-

417 1541 472 1567 tor
494 1534 582 1567 dixit
602 1545 694 1577 pape
716 1535 811 1577 quod
834 1534 974 1567 volebat
996 1535 1248 1577 parlamentum
1271 1535 1391 1568 facere
1414 1535 1505 1568 ultra
1527 1536 1672 1576 Padum,
1694 1537 1788 1580 quod
1811 1543 1846 1570 et
1869 1548 1960 1580 pape
1975 1544 2012 1571 et
2027 1537 2211 1572 Comitisse
2227 1545 2263 1572 et

415 1588 491 1621 aliis
512 1589 623 1621 visum
646 1594 709 1626 est,
734 1594 769 1621 et
792 1589 837 1620 de
861 1588 929 1621 hoc
945 1588 1089 1621 Mantua
1113 1588 1232 1621 civitas
1257 1589 1369 1622 doluit
1391 1589 1517 1621 timens
1533 1601 1576 1622 ne
1594 1590 1756 1623 damnum
1780 1590 1853 1624 eius
1875 1591 1943 1624 hoc
1965 1592 2081 1630 fieret;
2098 1592 2160 1625 sed
2182 1589 2283 1636 pro?¹

415 1643 510 1674 fecto
534 1642 720 1684 imperator
743 1642 855 1684 primo
886 1642 1054 1674 transiens
1084 1641 1218 1675 Padum
1248 1643 1420 1675 ordinavit
1451 1643 1541 1675 clam
1572 1654 1649 1675 cum
1679 1644 1806 1687 iniquis
1828 1644 2037 1678 Lombardis
2061 1651 2096 1679 et
2116 1645 2193 1679 aliis
2216 1647 2270 1686 de>

418 1694 591 1738 capiendo
613 1706 739 1738 papam
763 1701 798 1727 et
820 1695 1007 1735 Matildim,
1031 1696 1126 1739 quod
1149 1695 1327 1739 inquirens
1358 1695 1516 1729 Matildis
1546 1697 1717 1730 nuntiavit
1740 1708 1831 1740 pape
1859 1703 1895 1730 et
1918 1698 1967 1731 sic
1998 1698 2146 1732 finaliter
2172 1709 2265 1743 papa

419 1749 569 1782 Romam
591 1748 697 1782 rediit
720 1755 787 1781 etc.

503 1872 560 1907 La
589 1871 759 1919 Epitome
796 1872 969 1907 Veronese
997 1871 1054 1917 ha,
1085 1884 1192 1908 come
1221 1873 1249 1908 si
1279 1875 1299 1908 ὲ
1328 1872 1445 1917 detto,
1468 1885 1624 1908 comune
1646 1885 1718 1909 con
1736 1874 1771 1908 la
1804 1874 2029 1910 Canossiana
2057 1875 2193 1912 notizie
2213 1874 2261 1912 ed

417 1939 532 1974 errori
562 1951 582 1974 e
611 1939 756 1974 sembra
783 1938 938 1974 talvolta
965 1940 1066 1986 quasi
1095 1951 1167 1975 una
1195 1950 1258 1974 sua
1287 1939 1545 1975 elaborazione
1563 1937 1583 1984 ¹,
1615 1952 1723 1975 come
1752 1941 1782 1976 si
1809 1943 1884 1988 pub
1911 1942 2048 1978 vedere
2077 1941 2137 1978 dal
2166 1943 2280 1990 prin·

422 2006 520 2052 cipio
549 2006 617 2042 che
645 2006 707 2054 qui
735 2006 763 2040 si
791 2006 930 2052 riporta
959 2018 979 2040 e
1007 2007 1082 2052 pub
1111 2017 1229 2042 essere
1258 2006 1495 2042 confrontato
1524 2019 1595 2042 con
1625 2006 1755 2043 l’altro.
1811 2007 1878 2043 Ma
1911 2009 1950 2043 vi
1976 2008 2158 2056 aggiunge
2185 2009 2265 2045 ine·

419 2078 578 2109 sattezze
607 2073 771 2120 proprie:
801 2071 977 2108 Adeleita
1005 2074 1025 2107 ὲ
1061 2074 1076 2091 “
1093 2072 1321 2109 nobilissimo
1338 2073 1514 2108 Italorum
1533 2073 1706 2120 sanguine
1724 2104 1738 2121 „
1765 2086 1785 2108 e
1805 2075 1889 2110 vien
1908 2074 2009 2111 detta
2028 2076 2278 2123 imperatrice

419 2139 534 2175 anche
567 2139 684 2186 prima
721 2138 757 2174 di
795 2150 944 2185 sposare
974 2140 1127 2175 Ottone.
1184 2139 1238 2174 La
1275 2139 1451 2175 duchessa
1491 2139 1628 2176 Guillia
1665 2140 1817 2176 diventa
1856 2141 2078 2188 Guglielma,
2109 2141 2266 2189 Nogara'

418 2206 569 2241 diventa
594 2205 798 2254 Nogarole‚
827 2205 1034 2242 Corviliolo
1063 2205 1218 2251 Covalo,
1248 2206 1431 2242 Federico
1461 2205 1497 2241 di
1526 2207 1688 2252 Lorena,
1717 2207 1828 2255 padre
1857 2207 1893 2243 di
1922 2209 2106 2255 Beati-icc,
2133 2209 2163 2245 si
2190 2214 2246 2245 tra
2264 2196 2266 2198 .

419 2273 556 2310 sforma
583 2273 621 2307 in
651 2285 696 2307 un
726 2272 818 2308 duca
847 2272 883 2308 di
911 2271 1048 2309 Svevia
1077 2270 1190 2321 (forse
1218 2284 1284 2320 per
1311 2274 1548 2320 suggestione
1578 2273 1674 2309 della
1704 2275 1884 2310 memoria
1913 2275 1950 2310 di
1985 2274 2170 2312 Federico
2198 2273 2273 2326 Π),’

419 2338 552 2375 l'abate
573 2338 698 2375 Guido
718 2338 754 2374 di
782 2339 970 2386 Pomposa
989 2339 1021 2383 ὲ,
1041 2339 1158 2375 anche
1178 2339 1251 2386 qui,
1272 2338 1376 2375 detto
1404 2339 1577 2384 Alberto,
1606 2335 1789 2384 Beatrice,
1810 2353 1918 2376 come
1937 2341 2034 2377 nella
2050 2341 2250 2378 Parmense

419 2406 446 2440 si
467 2406 610 2441 chiama
637 2406 752 2441 anche
780 2405 952 2451 Matilde,
982 2405 1029 2440 ed
1048 2407 1068 2441 ὲ
1096 2407 1186 2441 fatta
1203 2405 1396 2453 seppellire
1414 2418 1436 2441 a
1463 2406 1654 2451 Mantova‚
1676 2407 1773 2454 quasi
1802 2419 1868 2454 per
1886 2409 2084 2444 attrazione
2103 2407 2163 2444 del
2184 2421 2246 2446 rac
2264 2407 2265 2442 j

420 2479 533 2508 conto
551 2473 891 2509 immediatamente
919 2473 1142 2518 precedente
1171 2472 1262 2507 sulla
1290 2477 1472 2525 scopertay
1489 2472 1549 2508 del
1579 2473 1724 2520 Sangue
1753 2473 1788 2508 di
1826 2473 1946 2510 Cristo
1985 2479 2166 2511 avvenuta
2195 2486 2240 2522 pe
2262 2465 2266 2502 s

419 2551 532 2585 opera
568 2538 606 2574 di
631 2540 819 2581 Beatrice3
847 2539 871 2573 il
899 2539 1088 2574 marchese
1116 2539 1272 2583 Ubert0,
1303 2539 1371 2575 che
1399 2544 1497 2575 sotto
1527 2540 1690 2575 Canossa
1710 2540 1822 2586 perde
1841 2540 1867 2575 il
1896 2540 2042 2577 vessillo
2060 2541 2263 2593 imperiale*

420 2605 565 2641 diviene
594 2618 641 2641 un
668 2605 895 2641 Pelavicino.
950 2605 1018 2640 Ma
1037 2617 1110 2641 uno
1130 2605 1228 2651 degli
1248 2606 1361 2640 errori
1382 2605 1441 2652 piu
1461 2606 1593 2641 curiosi
1623 2609 1643 2642 e
1664 2606 1759 2642 nella
1778 2612 1911 2642 venuta
1939 2606 1975 2641 di
2003 2607 2142 2644 Enrico
2169 2608 2208 2644 V
2225 2608 2273 2654 393³

419 2671 524 2707 Italia
543 2684 563 2707 e
582 2683 603 2707 a
622 2673 765 2707 Roma:
795 2684 869 2707 non
897 2672 977 2708 solo
1005 2673 1024 2706 ὲ
1045 2677 1138 2707 stata
1157 2672 1337 2715 fraintesa,
1360 2684 1467 2708 come
1486 2672 1581 2707 nella
1606 2672 1843 2718 Canossiana,
1864 2674 1898 2708 la
1916 2674 2087 2710 richiesta
2107 2673 2246 2711 dell'im

418 2745 597 2784 peratore,
619 2750 677 2774 ma
697 2740 727 2773 si
748 2739 780 2773 fa
808 2739 925 2785 prima
951 2738 1087 2774 andare
1116 2738 1253 2774 Enrico
1283 2751 1304 2774 a
1323 2738 1459 2784 Roma,
1478 2740 1658 2785 guastarsi
1688 2739 1745 2775 col
1766 2751 1861 2787 papa
1881 2752 1901 2775 e
1921 2739 2012 2776 farlo
2033 2733 2274 2791 prigionierd'

507 2882 516 2899 ¹
535 2883 589 2907 Fra
608 2884 634 2907 le
654 2884 801 2908 differenze
822 2886 907 2908 noto:
928 2884 1092 2908 l’assassino
1113 2885 1140 2908 di
1156 2884 1311 2909 Bonisacio
1366 2892 1382 2909 a
1407 2884 1433 2909 S.
1461 2885 1567 2909 Pietro.
1604 2885 1732 2909 Beatrice
1752 2892 1800 2916 per
1826 2886 1852 2909 la
1883 2885 1939 2910 I'er.
1964 2884 1979 2909 ὲ
2004 2885 2114 2919 sepolta
2140 2893 2155 2911 a
2180 2885 2248 2911 Man

419 2923 433 2948 *e
448 2932 495 2956 per
508 2925 535 2949 la
550 2926 614 2950 Can.
628 2926 774 2959 Scarpetta
788 2927 833 2950 dei
847 2925 1000 2951 Canevarii
1015 2927 1050 2951 da
1064 2925 1248 2959 Campitello,
1262 2933 1311 2959 per
1366 2929 1433 2951 tova
1453 2926 1568 2951 anziche
1588 2935 1602 2951 a
1622 2927 1697 2957 Pisa,
1716 2928 1743 2952 S.
1762 2927 1897 2951 Anselmo
1917 2935 1932 2952 a
1945 2927 2047 2959 Lucca,
2059 2929 2158 2953 invece
2178 2929 2228 2954 che

420 2965 447 2990 la
470 2967 525 2991 Ver.
545 2967 690 3000 Scarpetta
710 2969 739 2992 di
765 2968 881 2993 Parma:
901 2968 1055 2993 Bonifacio
1082 2967 1095 2993 ὲ
1121 2969 1235 3001 sepolto
1261 2975 1311 3001 per
1365 2970 1502 2994 Mantova
1522 2971 1581 2999 etc„
1596 2969 1745 2994 dlfferenze
1758 2970 1808 2993 che
1821 2972 2042 3002 rappresentano
2055 2978 2093 2995 un
2109 2972 2265 3010 pegglornf'

419 3007 447 3032 la
460 3009 551 3040 prima
572 3011 600 3033 in
615 3017 670 3034 una
690 3010 783 3035 chiesa
802 3018 898 3044 presso
912 3010 938 3035 S.
959 3011 1064 3042 pietro,
1084 3018 1132 3043 per
1146 3011 1174 3035 la
1188 3011 1309 3035 secondo.
1367 3013 1472 3036 mento.
