2288 3476
565 885 756 923 INCIPIT
782 885 1068 922 PROLOGUS
1096 884 1233 920 LIBRI
1261 884 1494 922 SECUNDI
2009 895 2083 919 Mun„
2100 896 2139 919 ³⁶⁵

499 1203 682 1237 Materiam
705 1211 847 1246 parvam
869 1202 956 1235 facit
980 1211 1054 1235 esse
1079 1211 1259 1235 comarcus
1282 1206 1320 1233 ut
1342 1200 1464 1233 altam:

499 1256 656 1289 Dilatare
680 1255 823 1300 quidem
846 1265 909 1288 sua
930 1254 1037 1288 verba
1059 1255 1126 1288 scit
1146 1254 1222 1297 ipse
1244 1253 1374 1297 perite:

498 1307 684 1342 Materiam
706 1308 874 1352 grandem
896 1307 1025 1341 sciolus
1049 1307 1224 1341 describat
1248 1313 1402 1345 ovanter,

499 1362 548 1396 Ut
570 1362 664 1406 quod
686 1361 720 1395 ei
744 1361 908 1404 prohibet
931 1367 1101 1403 peracuta
1126 1360 1253 1404 peritia
1274 1360 1376 1398 scire,

438 1430 452 1456 ς
500 1415 644 1449 Scilicet
666 1415 703 1448 in
725 1415 834 1448 latum
856 1423 1048 1447 sermonem
1070 1414 1217 1447 tendere
1240 1424 1396 1457 parvum,

498 1469 620 1502 Patret
642 1479 722 1502 cum
745 1474 829 1502 nota
851 1468 908 1501 vel
931 1467 1077 1501 materia
1099 1478 1293 1501 numerosa.

497 1522 613 1555 Valde
635 1521 811 1565 prolixam
834 1521 1066 1565 pauperculus
1088 1531 1133 1554 en
1155 1531 1220 1566 ego
1243 1521 1392 1555 scribam

499 1574 684 1608 Materiam
707 1580 835 1608 cuncto
859 1574 1070 1619 divulgatam
1096 1574 1172 1607 fere
1196 1575 1338 1608 mundo.

502 1627 672 1668 Quamvis
694 1628 880 1661 florescant
901 1638 990 1672 quae
1013 1627 1214 1671 scripsimus
1237 1639 1279 1661 ac
1302 1627 1514 1661 renitescant

422 1698 455 1716 ιο
499 1682 552 1716 De
576 1681 722 1716 ducibus
745 1681 849 1715 claris
872 1681 986 1715 codex
1008 1691 1096 1726 quos
1118 1682 1248 1724 primus
1270 1681 1410 1722 amavit,

499 1735 614 1768 Multo
639 1735 811 1768 florebunt
834 1735 1072 1768 vehementius
1093 1745 1136 1767 ac
1159 1734 1359 1768 renitebunt

501 1788 612 1822 Facta
634 1788 824 1822 ducatricis
845 1800 934 1833 quae
956 1794 1036 1821 sunt
1057 1787 1246 1822 scribenda
1269 1788 1461 1822 Mathildis.

497 1842 683 1883 Historiam
706 1842 846 1887 longam
870 1842 990 1875 metris
1013 1841 1171 1875 describe
1194 1841 1358 1875 Canossa.

820 1932 1001 1965 EXPLICIT
1022 1930 1238 1965 PROLOGUS!
2037 1946 2058 1963 ⁶-
2071 1946 2099 1966 «7
2107 1946 2122 1960 ν

678 2112 878 2155 lNClPlT
911 2112 1052 2155 LIBER
1084 2112 1369 2155 SECUNDUS

499 2221 683 2266 Quicquid
706 2232 772 2266 ego
795 2232 934 2265 possum
957 2222 1002 2255 de
1025 2227 1121 2255 tanta
1145 2222 1264 2255 dicere
1288 2232 1430 2264 prorsus

375 2291 381 2297 ·
423 2291 433 2309 ι
439 2291 454 2318 5
501 2276 576 2310 Scit
598 2276 747 2319 populus
769 2286 904 2309 mecum
926 2275 1038 2308 minus
1060 2281 1123 2314 est,
1147 2275 1225 2318 plus
1247 2275 1323 2318 ipsa
1345 2281 1512 2308 meretur:

501 2330 652 2362 Tantum
675 2329 792 2362 mirari
815 2329 1005 2362 consultius
1028 2339 1103 2362 esse
1126 2328 1254 2361 sciatis.

500 2384 598 2416 Haec
622 2389 674 2416 est
695 2388 766 2415 tam
789 2382 886 2416 clara
909 2393 975 2415 ceu
997 2381 1134 2426 fulgida
1157 2382 1255 2415 stella
1277 2382 1406 2415 Diana:

499 2436 599 2470 Haec
622 2436 757 2470 radiata
780 2436 860 2474 fide,
883 2442 950 2469 stat
972 2446 1034 2479 spe
1059 2436 1263 2469 circundata
1285 2436 1386 2469 mire:

499 2490 591 2523 Huic
614 2490 752 2523 sincera
774 2495 890 2523 manet
912 2490 1021 2523 maior
1043 2489 1190 2522 dilectio
1213 2499 1312 2522 sane:

61 2637 64 2638 ⁷
190 2612 216 2628 v.
234 2609 246 2626 ι
265 2612 279 2628 e
298 2602 375 2636 εἷς.)
394 2602 418 2627 11
437 2604 523 2636 poeta
542 2602 657 2628 valente
675 2610 706 2628 sa
718 2603 821 2628 render
832 2603 936 2637 grandi
950 2611 996 2628 an·
1052 2603 1102 2635 qul
1120 2610 1170 2635 per
1188 2602 1225 2628 D.
1244 2602 1375 2636 algnifica
1394 2603 1472 2628 certo
1491 2603 1584 2635 poeta,
1605 2603 1707 2626 retore-

17 2644 21 2651 ²
69 2660 71 2663 -
101 2645 152 2671 che
169 2646 211 2679 gu
232 2646 390 2678 argomenti
411 2644 550 2670 modesti}
565 2645 587 2669 il
600 2645 742 2670 mediocre
755 2646 874 2678 ottenga
888 2644 934 2670 cio
947 2646 998 2670 che
1139 2653 1166 2670 v.
1181 2645 1212 2676 3)
1230 2645 1343 2674 Sciolus,
1364 2646 1499 2669 saccente.

13 2695 22 2719 (ι,
58 2695 64 2718 ,':
101 2687 129 2713 in
148 2695 198 2713 sua
216 2690 318 2713 scarsa'
329 2687 440 2720 perlzia
458 2687 499 2720 gli
521 2687 606 2719 vieta,
621 2695 674 2712 con
688 2694 745 2712 una
758 2687 876 2712 materia
890 2688 998 2713 celebre
1139 2696 1166 2713 v.
1185 2686 1229 2720 13)
1249 2686 1318 2712 Cosl
1338 2688 1476 2712 all'inizio
1498 2687 1543 2712 nel
1564 2687 1685 2712 secondo
1704 2687 1779 2711 libro
1799 2686 1828 2711 di
1843 2693 1949 2715 nuovo,

13 2726 23 2760 ἶ]
59 2743 67 2749 «
101 2737 116 2754 e
135 2730 260 2763 copiosa.
297 2730 339 2759 Io,
359 2729 527 2761 miserabile,
547 2728 668 2754 trattero
681 2737 721 2754 un
734 2731 903 2763 argomento
915 2732 997 2755 vasto
1051 2737 1130 2755 come
1150 2730 1196 2754 nel
1216 2729 1319 2762 primo,
1340 2730 1375 2755 D.
1389 2730 1419 2754 sa
1433 2730 1546 2763 parlare
1564 2729 1791 2762 esplicitamente
1811 2727 1948 2753 Canossa.
1980 2730 2010 2758 15

17 2785 24 2810 »ι
51 2768 62 2795 ἷ’
101 2779 117 2798 e
134 2774 205 2798 noto
224 2772 256 2797 ln
275 2774 356 2798 tutto
376 2772 397 2796 il
423 2771 538 2797 mondo.
576 2770 686 2797 Benche
710 2772 737 2797 le
762 2779 826 2797 cose
851 2773 928 2798 dette
952 2773 998 2798 sui
1140 2780 1166 2796 v.
1180 2772 1223 2803 17)
1243 2780 1289 2796 ceu
1303 2772 1366 2797 vale
1379 2773 1464 2797 velut.
1494 2772 1539 2796 Da
1552 2773 1652 2804 questo
1666 2779 1747 2796 verso
1761 2771 1813 2795 che
1826 2778 1884 2795 non
1898 2778 1948 2803 po-

50 2821 63 2849 :j
101 2815 196 2840 Duchi
214 2814 261 2840 nel
274 2815 368 2848 primo
381 2814 459 2839 libro
471 2815 555 2839 siano
569 2813 727 2847 splendide,
740 2815 831 2839 molto
844 2812 895 2847 piu
907 2815 999 2848 splen·
1052 2817 1118 2840 teva
1138 2813 1302 2847 riguardare
1321 2813 1348 2839 la
1366 2814 1490 2839 bellezza
1502 2814 1580 2838 fisica
1600 2814 1630 2838 di
1644 2820 1701 2838 una
1714 2813 1810 2838 donna
1824 2813 1853 2838 di
1868 2813 1949 2845 quasi

10 2850 19 2875 5
101 2857 231 2884 deranno
251 2858 259 2881 i
287 2857 355 2882 fatti
380 2856 431 2881 che
455 2854 582 2881 salvere
607 2855 683 2881 della
707 2856 844 2882 duchessa
868 2856 997 2882 Matnde.
1053 2863 1088 2889 70
1105 2858 1184 2887 anni,
1196 2857 1240 2890 gli
1253 2857 1448 2890 epitomatori,
1462 2865 1476 2881 e
1490 2857 1500 2881 1
1515 2857 1685 2890 panegirlsti
1700 2856 1831 2881 moderni
1847 2856 1875 2881 di
1890 2856 1948 2881 Ma-

18 2886 25 2921 ,³
41 2895 61 2935 J
102 2897 128 2923 0
147 2897 278 2924 Canossa
296 2899 385 2924 :cdvi
404 2899 436 2923 in
457 2899 531 2923 versi
551 2899 580 2923 la
598 2899 687 2932 lunga
702 2899 817 2924 istoria.
1052 2900 1134 2931 tilde,
1154 2900 1325 2924 ricavarono
1344 2900 1387 2932 gli
1406 2900 1536 2924 elementi
1563 2906 1612 2932 per
1631 2899 1789 2924 descrivere
1814 2898 1842 2923 la
1860 2898 1950 2931 figura

12 2974 16 2979 Ι
61 2943 63 2945 ’
190 2950 217 2966 v.
236 2941 264 2973 1)
287 2943 436 2972 Cornan-us,
451 2942 531 2974 quasi
550 2942 668 2967 ornandi
684 2942 818 2975 magister
836 2941 957 2975 (ἱππικὴ
977 2943 998 2967 il
1052 2942 1128 2967 della
1146 2942 1286 2966 contessa.
1323 2941 1349 2966 11
1367 2943 1446 2967 clara
1465 2942 1533 2966 vuol
1557 2942 1618 2967 dire
1643 2941 1766 2972 illustre,
1791 2941 1949 2974 splendida.
1978 2946 2012 2964 20

46 2985 52 3019 ’1
66 2994 72 3005 ·
102 2981 293 3016 Pannenborg
314 2985 430 3010 ricorde
455 2985 606 3015 comaticus,
624 2985 824 3017 disciplinato,
848 2985 999 3010 dldattico.
1141 2991 1187 3009 vv.
1206 2983 1298 3017 ιδ’-πο)
1318 2983 1439 3009 Matilde
1459 2983 1495 3009 ha
1516 2984 1542 3008 le
1560 2985 1603 3008 tre
1622 2982 1702 3009 virtu
1715 2983 1868 3015 teologali:
1883 2983 1948 3009 dile-

7 3017 17 3068 ιζ·
42 3019 63 3034 ³
103 3023 213 3050 Benene
232 3032 282 3059 per
300 3025 329 3051 ιὲ
348 3026 447 3058 voglia
472 3026 518 3051 dir
544 3026 606 3051 solo
632 3033 703 3059 capo
728 3027 756 3051 di
784 3034 821 3051 un
847 3026 1000 3060 villaggio‚
1053 3026 1106 3051 ctio
1126 3034 1159 3052 va
1180 3028 1275 3051 inteso
1295 3033 1344 3061 per
1363 3024 1461 3053 carita.
