2288 3476
98 236 135 267 a„
154 237 350 270 noa-110⁵]
606 228 856 265 HISTORIA
883 226 1314 264 MEDIOLANENSIS
1829 226 1872 262 13

38 372 52 406 ζ’
68 354 142 407 ,tuo
164 363 294 396 salvum
316 373 370 394 me
393 362 451 395 fac
475 367 509 394 et
531 361 566 394 in
590 361 718 394 virtute
741 367 799 394 tua
823 361 930 394 libera
952 372 1021 398 me:
1045 361 1139 393 Deus
1163 361 1199 392 in
1221 360 1358 394 nomine
1381 366 1440 392 tuo
1464 359 1594 392 salvum
1618 369 1672 391 me
1696 359 1757 392 fac
1779 364 1814 391 et
1835 359 1872 391 in

31 418 51 422 ”
83 417 210 451 virtute
232 421 291 449 tua
313 415 422 448 libera
444 426 513 452 me;
537 415 640 454 Deus,
662 414 697 446 in
721 414 859 447 nomine
883 420 942 447 tuo
965 415 1098 447 salvum
1128 425 1256 446 me....
1273 426 1304 456 „;
1328 419 1362 446 et
1386 413 1467 445 dum
1491 412 1593 445 tertio
1625 412 1783 454 proferet
1805 412 1873 444 hoc

36 464 74 505 *ξ’
84 469 218 502 erbum
234 468 310 511 fac,
333 480 370 501 se
393 474 490 502 extra
510 468 625 512 ignem
649 468 747 506 vidit,
770 478 835 500 nec
859 468 896 500 in
919 478 968 505 se,
990 478 1053 500 nec
1076 469 1112 500 in
1142 467 1210 500 suis
1232 466 1504 500 sacerdotalibus
1534 465 1685 499 vestibus
1711 465 1810 498 lineis
1833 475 1875 497 ac

52 538 91 568 v5·
107 521 179 561 ‘cis‚
203 521 327 565 quibus
349 527 423 554 erat
445 521 595 561 indutus,
618 522 691 554 sive
714 521 751 553 in
775 520 895 553 cilicio
919 520 1085 553 lesionem
1109 521 1213 553 ullam
1237 520 1350 553 sensit.

142 619 191 652 18.
215 636 259 645 -
281 619 382 651 Tunc
405 619 552 661 populus
574 618 689 660 plene,
713 618 812 660 quasi
836 628 879 650 ex
902 628 972 650 uno
996 627 1056 650 ore
1081 617 1218 650 laudem
1242 617 1319 650 Deo
1343 623 1379 650 et
1401 616 1481 649 huie
1503 616 1697 659 presbitero
1721 621 1820 648 extra
1842 621 1877 649 et

64 684 78 707 t
105 682 143 704 ra
165 671 340 705 civitatem
364 672 518 704 contulit.
565 671 775 704 Grosulanus
791 682 874 703 vero
891 670 1085 713 intrepidus
1100 671 1218 703 sedem
1233 668 1551 712 archiepiscopatus
1567 669 1720 702 deseruit
1743 675 1777 702 et
1794 668 1876 702 civi-

21 729 23 736 '
59 730 166 768 ¹tem‚
189 725 270 767 quia
292 730 413 767 aperte
437 725 608 757 communi
632 724 780 758 civitatis
802 725 951 756 iuratum
976 730 1058 762 erat,
1076 725 1170 767 quod
1193 723 1308 756 neutri
1330 723 1479 761 illorum,
1502 734 1566 755 nec
1590 723 1694 755 alicui
1712 723 1755 756 de
1778 728 1877 765 parte

20 809 21 812 ,
58 774 66 804 ’Ᾰ
76 776 186 811 lorum
208 788 272 821 pro
295 778 361 811 hac
383 778 521 811 actione
545 777 669 810 malum
694 779 801 816 fieret,
824 778 890 810 nisi
913 778 1007 820 quod
1029 777 1122 809 Deus
1145 776 1208 810 sibi
1234 777 1378 809 faceret.
1425 777 1495 809 Sed
1512 777 1591 819 quia
1614 776 1789 819 presentia
1807 777 1879 818 epi-

39 873 40 876 Ἴ
63 828 232 877 Ἰ’ωροτιιῐῐι
255 831 575 874 suffraganeorum¹
601 830 680 863 huic
705 830 772 874 legi
797 836 831 862 et
855 830 1029 872 triumpho
1052 830 1209 863 favorem
1231 830 1365 873 integre
1388 840 1457 862 non
1473 829 1620 872 prebuit,
1645 835 1680 862 et
1701 830 1792 873 ignis
1808 841 1879 861 ma-

58 890 132 918 um
153 884 345 927 presbiteri,
369 895 472 927 quam
494 884 530 916 in
552 884 758 927 proiciendo
781 894 905 927 aquam
928 889 963 916 et
983 884 1161 916 incensum
1185 894 1287 926 super
1309 883 1438 928 ignem,
1456 883 1543 921 lesit,
1568 889 1601 915 et
1617 883 1698 926 quia
1721 893 1782 926 pes
1799 883 1879 926 equi

46 935 210 978 ‘'Q-hannis
234 938 277 971 de
301 938 428 971 Rode’
450 938 579 971 nudum
603 937 787 980 presbiteri
810 937 936 979 pedem
953 937 997 969 de
1013 937 1092 981 igne
1109 937 1264 969 exeuntis
1287 937 1373 970 dure
1390 937 1553 975 calcavit;
1577 936 1688 974 turba,
1704 937 1812 969 tristis
1834 937 1878 969 de

45 982 134 1037 [asu
148 996 183 1023 et
197 989 310 1023 ruina'
334 990 528 1031 Grosulani,
543 990 579 1023 in
595 990 820 1033 presbiterum
836 996 871 1022 et
886 990 958 1023 eius
981 990 1095 1033 legem
1110 996 1188 1032 post
1202 1000 1332 1032 paucos
1355 989 1429 1022 dies
1444 989 1702 1027 scandalizavit,
1727 996 1761 1022 et
1775 1000 1875 1023 scan—

82 1044 244 1084 lizando,
268 1045 407 1077 hortatu
430 1045 646 1088 quorundam
669 1044 900 1082 sacerdotum,
921 1044 1033 1086 prelia
1056 1049 1091 1076 et
1113 1044 1301 1076 homicidia
1323 1043 1429 1076 multa
1452 1042 1600 1075 comisit.
1821 1037 1823 1039 ¹

140 1142 190 1174 19.
214 1161 256 1167 -
278 1142 414 1175 Interea
436 1142 647 1175 Grosulanus
669 1141 832 1175 domnum
856 1151 979 1183 papam
1002 1140 1205 1174 Paschalem
1228 1146 1362 1184 gratum
1379 1140 1443 1173 sibi
1465 1140 1607 1172 invenit.
1652 1140 1879 1184 Landulphus

46 1207 49 1211 ·
81 1204 132 1227 ro
157 1195 200 1227 de
223 1195 419 1238 Vereglate,
442 1195 502 1238 qui
524 1194 670 1237 primus'
692 1195 727 1226 in
758 1193 959 1226 Coritiana³
991 1194 1074 1237 fuga
1104 1194 1229 1231 fuerat,
1260 1193 1399 1226 rediens
1423 1204 1443 1225 a
1465 1192 1702 1231 Yerosolimis‚
1732 1194 1877 1227 Romam

45 1248 221 1292 pervenit,
243 1254 347 1291 atque
369 1248 405 1280 in
428 1248 630 1286 Grosulano,
646 1247 714 1279 iam
730 1247 810 1280 inde
825 1257 991 1290 regresso,
1009 1247 1131 1279 didicit
1147 1257 1216 1279 non
1232 1247 1340 1280 solum
1357 1246 1451 1291 quod
1475 1252 1587 1279 actum
1611 1247 1727 1278 fuerat
1742 1247 1878 1279 Medio-

46 1306 47 1310 ’
62 1300 118 1333 ani
142 1306 284 1343 propter
307 1301 599 1333 concertationem
622 1299 804 1342 presbiteri
827 1306 862 1332 et
886 1300 1082 1338 Grosulani,
1106 1299 1168 1332 sed
1192 1300 1307 1338 etiam,
1331 1309 1433 1342 quam
1455 1299 1678 1341 solempniter
1701 1300 1880 1333 Romanus

39 1354 215 1386 vontifex
237 1359 314 1396 post
337 1353 431 1386 tallia
453 1353 548 1386 facta
570 1354 681 1396 ipsum
705 1353 934 1386 Grosulanum
955 1358 1166 1395 susceperat.
1213 1351 1306 1391 Quia
1328 1353 1402 1395 ipse
1420 1353 1558 1396 quidem
1584 1363 1675 1395 papa
1698 1353 1878 1386 Paschalis

43 1416 153 1450 jsuper
174 1407 291 1439 sedem
315 1417 408 1439 suam
431 1407 543 1449 ipsum
568 1406 796 1439 Grosulanum
821 1407 954 1448 posuit;
978 1412 1012 1438 et
1035 1417 1098 1448 per
1121 1411 1204 1449 quot
1227 1406 1301 1439 dies
1331 1406 1422 1438 idem
1453 1405 1665 1439 Grosulanus
1688 1412 1769 1438 tunc
1793 1413 1879 1439 tem-

32 1470 143 1505 >vvnris
164 1459 329 1493 Laterani
352 1460 431 1497 tuin
455 1460 604 1492 eundem
627 1470 731 1501 super
761 1460 879 1492 sedem
909 1470 1005 1492 suam
1036 1459 1159 1492 sedere
1181 1459 1279 1498 fecit,
1310 1464 1413 1502 atque
1445 1459 1512 1502 ipsi
1543 1460 1680 1492 sedenti
1711 1460 1816 1492 cessit
1846 1466 1882 1493 et

21 1512 166 1549 'locum
188 1513 295 1551 dedit,
317 1524 412 1546 suam
435 1524 572 1557 quoque
596 1514 727 1546 curiam
750 1518 785 1546 et
808 1523 927 1545 omnes
950 1523 1070 1546 causas
1094 1513 1356 1550 ecclesiasticas,
1379 1523 1400 1544 a
1415 1523 1452 1545 se
1470 1511 1716 1545 discernendas
1739 1519 1774 1545 et
1789 1513 1881 1545 iudi-

19 1567 191 1614 scandas,
214 1566 281 1609 ipsi
304 1566 498 1599 Grosulano
521 1567 567 1598 ad
590 1566 858 1599 discernendum
882 1571 916 1599 et
937 1565 1163 1599 iudicandum
1187 1565 1340 1598 tradidit.

32 1694 34 1696 ,
144 1661 182 1694 19
205 1661 263 1693 bis.
294 1679 330 1684 —
353 1659 427 1693 Sed
448 1666 564 1693 tamen
587 1660 812 1703 Landulphus
835 1660 893 1692 ille
916 1660 960 1693 de
983 1660 1183 1703 Vareglate,
1204 1660 1347 1693 veniens
1370 1660 1618 1699 Mediolanum,
1645 1670 1714 1693 non
1744 1661 1879 1702 presbi-

16 1710 34 1743 1³7
39 1717 162 1748 ‘terum
178 1724 245 1746 nec
269 1714 342 1746 eius
356 1714 471 1757 legem
487 1714 619 1746 directe
637 1714 853 1756 contempsit.
900 1713 972 1746 Sed
987 1714 1080 1746 clero
1104 1719 1139 1746 et
1149 1713 1278 1756 populo
1294 1713 1549 1746 Mediolanensi
1566 1713 1756 1756 promitens
1773 1714 1882 1756 depo-

16 1759 136 1800 'nere
160 1767 389 1800 Grosulanum
404 1767 448 1800 ab
465 1767 557 1799 omni
580 1767 816 1800 ecclesiastico
839 1766 952 1799 officio
967 1767 1062 1799 iuxta
1085 1777 1255 1799 canonum
1279 1767 1459 1805 rationem,
1475 1766 1601 1810 inquit:
1624 1769 1639 1785 “
1652 1767 1723 1799 Cur
1739 1767 1783 1799 de
1801 1767 1878 1810 lege

17 1840 19 1844 ι
36 1859 37 1862 ¹
60 1821 75 1838 ⁸
87 1820 269 1863 presbiteri
291 1820 461 1863 Liprandi
478 1826 514 1853 et
529 1821 722 1853 Grosulano
746 1820 957 1852 contenditis
972 1826 1007 1852 et
1022 1819 1132 1862 prelia
1148 1826 1183 1853 et
1199 1820 1363 1852 omicidia
1378 1820 1414 1852 in
1429 1819 1526 1853 vobis
1549 1820 1694 1853 facitis?
1710 1820 1765 1852 En
1779 1820 1878 1852 vobis

31 1882 43 1906 ἱ
59 1871 275 1907 “certissime
293 1873 375 1906 dico
391 1879 427 1906 et
447 1885 511 1917 per
533 1874 723 1906 Iohannem
746 1873 1091 1906 Vicomercatensem
1115 1873 1307 1906 Grosulano
1331 1874 1469 1912 mando,
1493 1874 1587 1916 quod
1610 1884 1677 1917 ego
1701 1874 1794 1916 apud
1817 1874 1880 1906 do-

20 1925 216 1960 ω“ιιιὶιιιιω
238 1938 364 1970 papam
394 1927 598 1959 Paschalem
624 1928 766 1969 eiusque
797 1927 928 1959 curiam
950 1927 1004 1959 vel
1026 1927 1194 1970 synodum
1226 1928 1329 1960 certis
1352 1937 1429 1960 cum
1452 1927 1643 1960 rationibus
1666 1933 1701 1960 et
1723 1928 1822 1960 iustis
1846 1933 1880 1959 et

11 1991 33 2030 ᾗ),
58 1981 213 2013 “sanctis
236 1980 424 2014 canonibus
448 1979 692 2023 comprobabo,
707 1980 803 2012 illum
820 1990 887 2013 non
901 1990 1002 2023 posse
1025 1980 1209 2013 subsistere
1223 1980 1260 2012 in
1277 1990 1418 2013 numero
1441 1980 1696 2023 episcoporum,
1712 1991 1778 2012 nec
1801 1992 1881 2023 pre-

57 2033 299 2072 “sbiterorum,
323 2039 382 2065 aut
397 2033 500 2065 etiam
514 2034 551 2065 in
566 2033 683 2076 aliquo
707 2033 830 2066 ordine
854 2033 1089 2075 clericorum„
1149 2033 1271 2066 Clerus
1286 2043 1369 2066 vero
1385 2040 1420 2066 et
1441 2034 1590 2076 populus
1605 2034 1685 2066 huic
1702 2034 1880 2067 autentico

49 2086 128 2119 'viro
149 2091 194 2128 et,
217 2086 404 2119 secuudum
427 2086 603 2129 quandam
625 2087 821 2128 novitatem,
845 2087 1013 2119 canonice
1037 2086 1147 2119 sancti
1172 2086 1311 2119 Nazarii
1334 2087 1508 2130 preposito
1525 2092 1559 2147 et
1581 2087 1720 2119 maioris
1743 2087 1881 2120 Medio-

9 2126 28 2230 ἔξ
51 2193 190 2226 studuit.
235 2191 337 2225 Unde
353 2192 482 2236 rigidus
499 2198 532 2224 et
547 2193 683 2235 sapiens
698 2193 898 2235 capitaneus
913 2191 1236 2231 Mediolanensium,
1261 2192 1384 2226 Amizo
1401 2194 1445 2226 de
1468 2193 1681 2232 Landriano,
1698 2194 1759 2226 ait.
1778 2192 1793 2210 “
1809 2193 1882 2226 Vos

8 2230 27 2281 ἢ,
59 2246 233 2278 “ludriam
256 2246 293 2278 in
316 2255 439 2288 aquam
462 2255 590 2290 negare
613 2245 716 2278 vultis
732 2270 747 2286 „
765 2245 787 2278 ⁴.

143 2340 196 2371 20.
219 2357 260 2362 —-
285 2339 356 2372 Sed
380 2338 593 2372 Grosulanus
615 2338 663 2370 nil
686 2344 836 2371 moratus
860 2338 904 2371 ad
928 2340 1034 2381 pedes
1058 2339 1240 2382 apostolici
1262 2339 1475 2382 provolutus,
1498 2339 1561 2373 sibi
1594 2347 1629 2373 et
1659 2340 1727 2373 suis
1757 2341 1882 2373 iterum

10 2419 27 2437 „¹
51 2393 223 2436 refugium
245 2392 406 2434 suscepit.
453 2391 631 2425 Presbiter
653 2403 736 2425 vero
760 2392 968 2434 Liprandus,
992 2403 1070 2425 cum
1092 2393 1160 2425 iam
1184 2403 1291 2426 senex
1314 2401 1413 2432 esset,
1430 2400 1464 2426 et
1487 2394 1557 2426 duo
1573 2394 1656 2426 anni
1672 2401 1752 2436 post
1769 2394 1879 2437 legem

8 2438 27 2486 ξ’
52 2445 96 2479 ab
117 2445 193 2488 ipso
216 2446 346 2478 factam
368 2445 581 2485 mansissent,
605 2445 825 2487 provocatus'
849 2451 884 2478 et
899 2447 998 2490 quasi
1021 2446 1227 2488 compulsus,
1243 2446 1392 2479 Romam
1409 2447 1453 2479 ad
1468 2448 1639 2491 synodum
1662 2448 1758 2481 venit
1771 2447 1792 2480 ⁵.
1839 2449 1878 2480 In

10 2583 21 2588 ¹¹
145 2562 169 2589 ς.
193 2557 240 2582 ΧΙ.
264 2556 420 2589 Liprandus
442 2556 473 2581 in
498 2556 597 2582 Sinodo
623 2558 682 2582 ante
705 2557 861 2582 Paschalem
884 2560 986 2590 papam
1009 2557 1167 2583 Grossulani
1188 2558 1316 2590 presentis
1334 2558 1478 2584 simoniam
1497 2561 1603 2584 accusat
1619 2561 1644 2584 et
1661 2559 1733 2591 ignis
1750 2559 1882 2585 iudicium

56 2599 208 2631 manifestat

18 2710 27 2720 ¹
144 2686 186 2713 23.
206 2679 392 2705 Nell’ediaeione
409 2680 451 2705 del
468 2680 565 2705 Pmrz
583 2680 606 2705 il
622 2688 651 2706 n.
668 2687 702 2712 19
714 2680 728 2706 ὲ
744 2681 857 2713 ripetato
874 2683 921 2713 per
939 2688 1030 2706 more.
1067 2681 1085 2705 I
1102 2681 1152 2706 due
1171 2682 1304 2714 capoverss'
1322 2682 1347 2707 si
1365 2685 1478 2714 possono
1496 2683 1559 2714 pero
1577 2682 1680 2707 riunire
1699 2684 1761 2708 sotto
1775 2690 1814 2707 un
1828 2682 1882 2708 solo

2 2725 11 2754 *¹
55 2729 171 2753 numero,
189 2729 202 2746 e
220 2721 274 2747 cosi
292 2722 319 2747 la
337 2722 513 2747 concordamur
530 2722 598 2747 della
615 2725 730 2755 presente
748 2723 864 2748 edizione
882 2731 931 2748 con
949 2723 976 2748 la
993 2723 1144 2755 germanica
1167 2731 1223 2748 non
1245 2725 1314 2749 rosta
1337 2723 1468 2749 sconvolta
1493 2738 1526 2742 —
1551 2730 1593 2757 35.
1619 2724 1800 2758 provolutus]
1826 2725 1879 2749 sibi

1 2763 18 2788 ’ψ
57 2764 134 2789 lutus
153 2764 256 2797 Pam-z,
275 2772 320 2789 ma
337 2764 350 2789 ὲ
367 2771 450 2790 errore
469 2764 620 2797 tipografico

142 2843 150 2860 ¹
168 2845 182 2869 1
199 2845 316 2870 vescovi
340 2845 507 2878 suffraganei
533 2847 688 2871 convenuti
715 2854 764 2878 per
789 2847 810 2871 ll
836 2847 938 2871 sinodo
992 2845 1056 2878 suga
1073 2847 1101 2871 la
1120 2847 1240 2872 dissatta
1258 2847 1383 2872 militare
1402 2848 1430 2872 di
1451 2847 1586 2872 Anselmo
1604 2847 1653 2872 IV.

54 2893 111 2911 non
129 2894 216 2912 erano
234 2894 338 2912 ancora
356 2888 458 2920 partiti
483 2887 560 2912 dalla
580 2886 659 2913 cltta.
1080 2887 1091 2905 4
1104 2889 1260 2914 Proverblo
1273 2890 1435 2915 lombardo:
1449 2889 1566 2915 ludriam
1583 2892 1626 2915 sta
1642 2898 1690 2924 per
1700 2890 1797 2916 latram
1809 2890 1881 2922 (ani-

141 2926 152 2944 ²
170 2929 262 2961 Bor-go
281 2937 354 2961 poco
373 2930 500 2954 discosto
519 2930 553 2954 da
577 2930 696 2955 Milano.
993 2932 1067 2955 male
1085 2930 1217 2963 anfibio)3
1237 2938 1330 2963 negare
1350 2940 1398 2966 per
1418 2932 1541 2964 affogare.

140 2969 152 2986 ⁸
170 2969 302 2996 Localita
322 2979 380 2996 non
399 2971 574 2997 identificata
593 2972 732 2997 dell’Asia
753 2973 866 2998 Minore
890 2971 941 3007 (cs.
1082 2972 1093 2989 ⁵
1110 2973 1139 2998 Si
1160 2973 1292 3006 present&
1311 2974 1412 3006 qulndi
1432 2975 1459 3000 al
1474 2975 1577 3000 sinodo
1590 2983 1708 3000 romano
1727 2977 1772 3000 nel
1788 2983 1882 3001 marzo

18 3013 22 3015 “
53 3019 137 3046 sopra
156 3020 184 3038 n.
203 3013 239 3046 4).
275 3013 300 3038 11
325 3016 451 3040 cronista
475 3014 550 3040 forse
576 3022 629 3039 con
655 3014 805 3047 maligntth
831 3015 942 3040 chiama
997 3015 1142 3040 dell‘anno
1164 3021 1240 3048 1105.

1939 1000 2014 1025 Mum,
2030 1000 2069 1025 ⁴⁸³

1966 1209 1986 1225 C.
2001 1209 2049 1229 798!

1941 2459 2016 2484 Mum,
2031 2460 2070 2484 484

1914 3024 1943 3050 15
