2288 3476
395 208 474 243 LX
1003 205 1064 241 IN
1092 204 1395 240 DONIZONIS
1424 203 1617 239 POEMA

481 330 517 355 Et
535 331 680 363 postremo
700 336 783 354 versu
802 329 835 354 de
854 329 909 353 hoc
928 329 991 353 lusu
1011 329 1138 353 monitos
1159 335 1210 353 nos
1229 327 1327 352 voluit
1352 327 1493 352 scribens:

939 409 1026 440 Ipsius
1045 408 1073 433 Ιιι·
1091 416 1185 433 versus
1203 409 1270 433 dant
1288 415 1388 438 nomen,
1407 408 1523 439 dantque
1536 410 1690 438 parentum.

477 491 531 516 Sed
550 492 582 515 ut
599 490 710 515 redeam
730 490 764 515 ad
783 490 985 514 Acrostichum
1005 490 1137 521 priorem,
1156 496 1206 522 per
1224 488 1318 521 ipsum
1332 488 1490 518 edocemur,
1503 488 1685 512 Dunizonem
1706 495 1764 513 non
1778 488 1871 512 solum
1886 488 2058 514 Sacerdotem
2078 489 2173 519 fuisse,
2188 477 2235 514 se?

391 542 419 566 et
438 541 603 565 Monachum.
639 539 672 563 In
692 537 839 564 Canusino
858 538 1037 563 Monasterio
1057 537 1247 571 proculdub10
1266 538 1291 561 is
1312 537 1395 568 vixit,
1416 537 1491 569 quod
1505 544 1540 561 ex
1553 538 1614 570 ejus
1633 536 1766 570 Epistola
1785 536 1973 562 Dedicatoria
1985 538 2055 562 satis
2068 537 2169 563 elucet.
2199 537 2237 564 E1,

390 589 504 622 quidem
523 595 556 613 eo
575 589 647 612 teste
666 588 727 613 Lib.
747 588 760 612 I
779 587 848 619 Cap.
869 592 900 619 17
921 588 1055 612 novimus
1075 587 1272 611 Fraxinorense
1291 586 1487 611 Monasterium
1508 587 1538 609 in
1557 586 1704 611 montibus
1724 586 1937 610 Mutinensibus
1957 587 1992 611 ab
2012 587 2074 620 ipsa
2087 586 2210 612 Mathild
2224 599 2231 623 j

391 640 505 672 ejusque
522 636 613 661 Matre
631 636 768 665 Beatrice,
790 637 876 661 fuisse
896 636 1086 664 aedificatum
1108 643 1139 660 ac
1158 637 1303 669 praeterea
1325 635 1493 664 Canusinam,
1515 635 1581 659 data
1600 642 1699 668 nempe
1718 634 1869 660 Monachis
1894 635 2031 665 Ecclesia,
2051 643 2134 668 quam
2154 637 2228 670 ant<

391 694 464 712 unus
483 686 665 719 Praepositus
686 693 747 709 cum
767 685 820 710 XII
839 683 972 715 Clericis,
993 685 1053 709 sive
1074 683 1242 715 Canonicis,
1264 684 1492 709 administrabat.

1027 765 1180 789 Canusinae
1197 772 1295 797 quoque
1317 764 1433 789 Sanctae

953 814 1095 839 Ecclesiae
1114 822 1204 838 nomen
1224 817 1405 844 mutaverunt,
1424 817 1451 838 et
1469 815 1589 838 honorem

955 864 986 888 In
1005 864 1107 894 melius,
1127 864 1224 888 dudum
1243 863 1288 888 cui
1303 863 1482 893 Praepositus
1501 871 1574 894 unus,

957 913 1024 938 Usus
1042 921 1099 937 cum
1121 913 1210 937 Cleris
1229 921 1277 937 non
1298 912 1351 937 nisi
1369 915 1472 937 tantum
1491 912 1619 937 duodenis

951 962 1105 987 Deservire
1122 962 1236 993 quidem.
1275 963 1355 986 Nune
1373 962 1463 986 Akbas
1481 961 1572 986 servit
1587 961 1685 986 ibidem

955 1011 1020 1036 Cum
1040 1011 1181 1036 Monachis
1201 1011 1307 1036 Christo
1326 1011 1417 1035 multis
1436 1011 1631 1039 famulantibus
1650 1011 1707 1036 illo.

474 1095 572 1127 Itaque
590 1095 621 1119 in
641 1095 696 1119 illo
714 1095 779 1127 ipso
799 1095 977 1120 Monasterio
997 1095 1048 1120 sub
1067 1094 1165 1119 Sancti
1185 1095 1332 1119 Benedicti
1355 1094 1462 1128 Regula
1481 1094 1621 1119 militasse
1640 1094 1833 1125 Donizonem‚
1847 1094 2029 1119 statuendum
2047 1095 2168 1120 omnino
2185 1101 2215 1120 e·
2258 1103 2261 1133 ξ

388 1144 419 1168 Id
439 1144 514 1176 quod
534 1142 653 1169 Clariss.
671 1143 861 1169 Mabillonius
880 1145 911 1168 in
930 1144 1094 1169 Annalibus
1114 1144 1310 1168 Benedictinis
1323 1143 1358 1168 ad
1370 1144 1447 1168 Ann.
1464 1150 1529 1175 1¹15
1545 1144 1663 1168 minime
1675 1144 1814 1172 advertit3
1828 1143 1888 1168 imo
1903 1144 2055 1168 Ecclesiam
2069 1143 2097 1169 S.
2113 1143 2200 1170 Caesa
2226 1143 2230 1162 ἱ
2259 1135 2262 1159 ῗ

388 1194 418 1218 in
441 1193 517 1226 Agro
535 1193 694 1218 Mutinensi
715 1195 808 1222 sitam,
827 1195 856 1218 et
875 1193 1025 1218 Mathildis
1045 1194 1172 1225 tempore
1192 1200 1207 1217 a
1227 1192 1387 1218 Canonicis
1405 1192 1597 1224 Regularibus
1616 1193 1856 1222 administratam,
1877 1192 2008 1217 confudit
2027 1200 2090 1217 cum
2105 1192 2207 1218 Canusi
2233 1216 2236 1218 .
2259 1182 2261 1226 Ξ

386 1242 640 1267 Benedictinorum
658 1242 844 1272 Monasterio,
864 1243 894 1266 in
914 1241 1048 1274 Regiensi
1069 1243 1135 1274 sito,
1157 1242 1292 1274 scribens,
1314 1242 1403 1266 multa
1417 1241 1551 1266 beneficia
1572 1250 1587 1266 a
1600 1241 1743 1266 Mathilde
1761 1242 1892 1266 Bondeni
1907 1243 2073 1274 aegrotante
2085 1243 2233 1275 posttem'i
2259 1242 2261 1271 3

388 1291 465 1317 vitae
483 1299 550 1316 suae
569 1292 667 1316 diebus
687 1291 827 1316 Ecclesiae
848 1291 944 1317 Sancti
964 1291 1091 1316 Caesarii
1110 1291 1302 1316 Canonicorum
1322 1291 1506 1323 Regularium
1527 1292 1602 1322 apud
1621 1291 1764 1315 Canossam
1783 1291 1872 1315 fuisse
1897 1291 2013 1316 collata.
2260 1320 2261 1326 1

474 1341 638 1365 Donizonis
657 1341 742 1365 Liber
758 1342 883 1373 primum
901 1340 995 1365 editus
1015 1340 1072 1365 fuit
1091 1347 1107 1365 a
1126 1340 1295 1365 Sebastiano
1314 1339 1491 1373 Tegnagelio
1510 1340 1738 1365 Bibliothecario
1758 1339 1905 1371 Caesareo,
1926 1340 1988 1365 slve
2008 1347 2024 1365 a
2036 1339 2144 1373 Jucobo
2156 1338 2183 1365 G
2204 1356 2226 1360 -v
2260 1332 2261 1363 ἶ

387 1390 462 1415 serio
480 1390 543 1414 Soc.
557 1390 631 1422 Jesu,
648 1389 822 1422 Ingolstadii
841 1389 929 1414 Anno
950 1388 1059 1414 Christi
1084 1388 1147 1414 1612
1169 1390 1245 1414 inter
1271 1389 1366 1414 Vetera
1385 1392 1549 1414 monumenta
1567 1392 1662 1413 contra
1681 1389 1869 1414 Schismaticos
1888 1389 1922 1413 ab
1941 1389 2007 1421 ipso
2025 1388 2155 1415 collecta.
2259 1416 2261 1428 γ

387 1446 447 1463 eam
465 1438 623 1464 editionem
642 1446 709 1463 usus
728 1440 770 1463 est
788 1438 981 1470 Tegnagelius
999 1438 1176 1471 Apographo
1196 1439 1231 1462 ad
1251 1445 1279 1463 se
1298 1437 1389 1462 Roma
1409 1439 1505 1463 misso.
1542 1437 1616 1462 Tum
1636 1437 1681 1462 Cl.
1699 1438 1761 1462 Vir.
1775 1436 1954 1463 Godesridus
1967 1437 2142 1463 Guilielmus
2154 1438 2235 1466 Lei·
2259 1443 2261 1472 j

388 1489 478 1513 nitius
495 1488 527 1512 in
547 1488 659 1521 insigni
678 1487 770 1520 Opere
789 1488 922 1519 Scriptor.
942 1487 1086 1512 Bruusvic.
1106 1488 1256 1512 illustrant.
1275 1486 1368 1512 Tomo
1387 1487 1408 1516 Ι,
1427 1495 1453 1519 p.
1468 1485 1529 1519 629,
1543 1487 1663 1511 alteram
1682 1487 1807 1521 ejusdem
1827 1487 1972 1512 Poematis
1985 1488 2142 1512 editionem
2159 1494 2190 1512 ε,
2206 1500 2210 1509 ‹
2224 1487 2234 1520 ζ
2259 1482 2261 1494 ”

389 1541 456 1570 1707
476 1537 560 1561 nobis
579 1537 667 1568 dedit,
687 1537 868 1569 praecedenti
887 1544 955 1561 sane
975 1537 1194 1565 accuratiorem
1216 1543 1280 1560 nam
1300 1538 1328 1561 et
1347 1536 1564 1568 antiquissimus
1585 1535 1685 1561 Codex
1703 1535 1851 1560 Romanus
1869 1536 1940 1560 olim
1959 1535 2058 1561 sirleti
2072 1529 2233 1563 Cumani-i

385 1593 450 1610 cum
468 1586 547 1611 edito
566 1586 691 1611 collatus
710 1585 871 1610 subsIdium
890 1585 980 1610 eidem
1001 1586 1079 1615 tulit,
1098 1587 1127 1609 et
1146 1584 1303 1610 Vaticanae
1322 1585 1521 1610 Bibliothecae
1541 1585 1646 1610 Custos
1666 1585 1840 1618 Zaccaguius
1861 1592 1937 1609 nova
1962 1585 2122 1611 collatIone
2144 1586 2201 1618 ips·

383 1635 468 1668 juvit.
504 1634 639 1660 Prodibit
657 1642 733 1659 nunc
752 1635 864 1664 iterum,
885 1642 971 1668 opera
989 1642 1102 1667 quoque
1123 1642 1192 1664 mea,
1211 1634 1285 1659 illud
1306 1634 1382 1659 idem
1401 1634 1567 1658 Donizonis
1585 1634 1704 1664 Poema3
1724 1635 1808 1666 atque
1826 1635 1858 1659 ut
1877 1634 2032 1664 elimatius,
2057 1635 2085 1659 et
2111 1635 2215 1660 comti

384 1685 512 1717 prodeat,
533 1692 585 1717 ego
604 1685 692 1709 etiam
711 1692 809 1709 curam
827 1692 940 1709 omnem
960 1684 1056 1709 attuli.
1092 1684 1152 1709 Nec
1178 1684 1278 1709 inutili
1303 1684 1426 1709 fortasse
1453 1684 1558 1713 studio,
1583 1685 1668 1716 atque
1693 1684 1799 1709 labore.
1835 1684 1909 1708 Nam
1934 1686 1963 1709 et
1987 1684 2180 1710 Doetisslmus
2259 1695 2260 1698 ¹

386 1733 565 1765 Bacchinius,
586 1741 688 1766 magna
706 1733 874 1769 Literarum.
884 1734 997 1767 jactura
1015 1741 1092 1758 anno
1115 1739 1180 1766 1721
1203 1733 1286 1758 nobis
1299 1740 1316 1757 a
1329 1734 1420 1758 morte
1433 1734 1555 1766 ereptus,
1568 1733 1730 1757 Donizonis
1743 1733 1953 1766 Apographum
1971 1741 1985 1758 e
1998 1733 2202 1759 Padouronen
2216 1759 2229 1765 .
2258 1727 2260 1733 ¹

386 1783 581 1808 Bibliothecae
601 1784 720 1815 antiquo
740 1782 849 1808 Codice
868 1783 954 1808 M.sto
975 1782 1134 1807 desumtum
1154 1783 1225 1806 mihi
1246 1782 1457 1811 commodavit;
1477 1784 1506 1807 et
1525 1782 1600 1814 quod
1620 1782 1685 1814 plus
1704 1784 1753 1814 est,
1774 1782 1897 1807 alterum
1923 1771 2123 1815 pervetustum
2147 1782 2204 1808 C·
2219 1795 2226 1819 ,³

386 1839 446 1857 cem
463 1831 574 1857 MStum
593 1839 701 1857 summa
720 1833 856 1857 comitate
869 1832 942 1856 mihi
956 1833 1093 1856 utendum
1106 1831 1187 1856 dedit
1200 1831 1331 1856 Marchio
1346 1831 1501 1865 Cajetanus
1515 1832 1548 1856 de
1563 1831 1699 1862 Canossa,
1713 1831 1766 1856 Vir
1780 1831 1935 1856 nobilitate
1946 1832 2059 1864 generis
2073 1832 2104 1856 in
2117 1832 2174 1857 civi
2216 1819 2225 1852 ἕλ’

386 1881 519 1914 Regiensi
540 1882 615 1906 inter
633 1883 741 1914 primos
759 1883 940 1914 conspicuus,
959 1883 1060 1914 utpote
1080 1883 1159 1915 cujus
1180 1881 1304 1915 Majores
1324 1880 1482 1906 Canossam
1503 1882 1594 1914 ipsam
1614 1881 1648 1905 ab
1667 1880 1900 1913 imperatoribus,
1925 1882 2025 1914 paucis
2048 1882 2116 1915 post
2139 1874 2225 1908 Con:⁴
2258 1883 2259 1903 ἶ

385 1932 472 1956 tissae
490 1930 642 1956 Mathildis
660 1933 781 1956 mortem
802 1932 893 1962 annis,
915 1932 944 1955 iu
965 1931 1080 1955 feudum
1100 1932 1274 1962 receperunt,
1294 1931 1322 1954 et
1341 1938 1390 1963 per
1410 1931 1521 1962 aliquot
1539 1930 1639 1955 Secula
1659 1932 1847 1962 retinuerunt,
1868 1932 1899 1956 ut
1922 1932 1998 1955 certa
2023 1930 2114 1956 adhuc
2138 1938 2206 1956 mon
2257 1961 2259 1973 Α

385 1982 479 2005 menta
498 1982 648 2006 testantur.
686 1980 843 2012 Utrumque
863 1979 1001 2005 Codicem
1019 1987 1084 2004 cum
1103 1980 1190 2005 editis
1210 1980 1340 2008 contuli;
1360 1981 1388 2004 et
1408 1987 1484 2004 nunc
1510 1980 1579 2011 quid
1605 1980 1636 2004 in
1663 1980 1801 2013 Regiensi
1826 1980 2010 2013 potissimum
2034 1976 2225 2006 observatio'

387 2029 504 2062 dignum
524 2031 719 2063 compererim,
739 2030 875 2054 monendi
895 2031 961 2054 sunt
980 2030 1123 2054 Lectores.

474 2079 517 2103 Ex
537 2079 731 2104 characterum
749 2079 843 2104 forma
862 2079 932 2103 mihi
954 2079 1032 2103 visus
1051 2080 1094 2103 est
1113 2077 1214 2104 Codex
1234 2078 1284 2103 ille
1303 2079 1425 2111 scriptus
1446 2080 1514 2103 ante
1532 2079 1758 2111 quadringentos
1785 2086 1886 2104 annos.
1924 2078 2118 2104 Occurrebant
2142 2066 2229 2114 W·
2257 2067 2260 2087 ἱ

385 2128 490 2160 figurae
508 2127 667 2160 Mathildis,
687 2129 717 2152 et
734 2128 907 2160 Donizonis,
926 2128 1018 2152 eidem
1038 2127 1183 2152 offerentis
1202 2127 1318 2152 Librum
1338 2135 1400 2152 cum
1420 2128 1474 2152 hoc
1493 2134 1590 2152 versu:

916 2208 1063 2233 Mathildis
1081 2209 1178 2237 lucens,
1192 2211 1301 2239 precor,
1321 2209 1366 2233 hoc
1384 2212 1449 2239 cape
1469 2217 1535 2233 cara
1554 2209 1685 2234 volumen.

473 2288 602 2313 Similem
621 2288 754 2321 effigiem,
774 2289 866 2313 minio
887 2289 1002 2320 pictam,
1021 2289 1050 2317 et
1069 2295 1104 2312 ex
1122 2288 1284 2313 Donizouis
1305 2287 1397 2320 Opere
1417 2288 1499 2313 MSto
1524 2295 1695 2321 expressam,
1721 2290 1751 2312 in
1779 2295 1825 2313 aes
1851 2288 1944 2313 incidi
1971 2288 2042 2314 fecit
2065 2277 2219 2314 Domini⁵
2257 2296 2259 2305 ¹

383 2337 527 2369 Meuium,
547 2339 576 2362 et
594 2345 689 2363 rursus
709 2337 897 2362 Mabillonius
917 2337 947 2362 in
967 2337 1073 2362 Annal.
1093 2337 1271 2362 Benedictin.
1291 2337 1326 2362 ad
1345 2337 1422 2362 Ann.
1443 2343 1521 2369 1115.
1559 2337 1671 2367 Verum,
1686 2338 1709 2362 si
1723 2338 1792 2369 quid
1812 2337 1903 2370 sapio,
1922 2337 1991 2362 haec
2004 2336 2090 2362 nihili
2105 2337 2199 2363 facien
2214 2323 2229 2332 ἶ
2257 2367 2259 2378 ¹

386 2388 462 2418 sunt,
480 2387 587 2420 quippe
605 2387 692 2411 unico
711 2386 946 2415 Amanuensium,
965 2388 1015 2411 aut
1033 2387 1179 2411 Pictorum
1200 2386 1319 2418 ingenio
1338 2387 1428 2411 serius
1448 2387 1620 2419 excogitata,
1640 2388 1668 2411 et
1688 2387 1762 2410 nihil
1782 2386 1975 2419 exprimentia
1993 2393 2157 2419 germanam
2192 2391 2224 2419 »tf

387 2435 489 2460 thildis
507 2436 670 2467 imaginem.
709 2433 804 2463 Quam
822 2436 908 2459 etiam
928 2435 1099 2467 opinionem
1118 2435 1191 2460 mihi
1209 2435 1297 2460 altius
1316 2435 1457 2468 persuasit
1476 2435 1641 2459 Donizonis
1661 2435 1752 2468 ipsius
1766 2435 1883 2467 effigies,
1898 2442 1970 2467 quae
1982 2435 2100 2460 Laicum
2113 2434 2138 2460 f
2166 2446 2173 2455 ε
2215 2422 2221 2462 ,Ἰ
2257 2467 2258 2470 ¹

387 2486 461 2509 certe
481 2491 635 2516 numquam
653 2484 826 2509 Monachum
844 2484 968 2514 exhibet,
986 2484 1079 2516 qualis
1101 2485 1162 2516 lpse
1182 2484 1247 2509 fuit.
1284 2484 1316 2508 In
1336 2484 1473 2516 Regiensi
1493 2483 1602 2508 Codice
1628 2484 1697 2517 Cap.
1724 2484 1750 2509 Η
1775 2485 1996 2517 conspiciuntur
2019 2478 2223 2521 ᾶειιησλὶἶρἒζ
2257 2489 2258 2492 ’

388 2534 500 2565 stantis,
520 2541 552 2558 ac
571 2534 747 2565 porrigentis
767 2540 853 2558 unam
872 2533 1015 2566 capsulam
1034 2532 1211 2565 Presbytero,
1230 2533 1262 2557 in
1282 2540 1337 2565 qua
1354 2534 1494 2565 scriptum
1517 2535 1573 2558 est:
1604 2533 1705 2564 Corpus
1728 2533 1846 2558 Sanctae
1874 2533 2002 2558 Coronae.
2037 2533 2104 2558 Duo
2128 2531 2220 2558 cleri‘-
2254 2565 2255 2568 Ἰ

387 2583 487 2608 tenent
505 2583 623 2607 alteram
643 2581 787 2616 capsulam
805 2582 854 2606 ubi
874 2582 1149 2616 scriptum-legitur:
1172 2583 1274 2613 Corpus
1294 2582 1390 2607 Sancti
1413 2581 1534 2607 Victoris.
1559 2581 1665 2607 Adstat
1678 2581 1749 2614 Regi
1763 2582 1836 2606 Atto
1850 2582 1956 2607 militis
1968 2581 2068 2607 habitu
2081 2588 2145 2607 cum
2157 2589 2185 2607 e
2206 2568 2222 2594 ’γ

388 2633 416 2656 et
435 2632 559 2664 caputio.
596 2630 686 2664 Supra
704 2631 824 2664 legitur:

952 2680 1074 2712 Corpora
1094 2681 1252 2706 Sanctorum
1272 2681 1330 2705 Rex
1348 2680 1445 2705 Attum·
1462 2680 1539 2705 dedit
1555 2681 1654 2705 horum.

473 2759 634 2793 Sequuntur
652 2760 726 2786 aliae
744 2760 849 2793 figurae
867 2768 931 2785 cum
949 2761 1004 2785 hoc
1022 2768 1119 2786 versu:

923 2841 1048 2866 Membra
1065 2845 1140 2866 secat
1159 2841 1254 2866 Sancti
1272 2841 1451 2874 Godesridus,
1470 2842 1538 2866 dans
1558 2850 1589 2866 ea
1603 2842 1692 2872 patri.

475 2919 552 2945 Ante
571 2920 641 2953 Cap.
660 2921 726 2946 VIII
744 2922 868 2946 occurrit
887 2920 994 2954 effigies
1013 2921 1168 2951 Bonifacii‚
1187 2921 1241 2946 hoc
1260 2922 1369 2946 sociata
1387 2921 1544 2946 versiculo:

940 2997 976 3021 Te
994 2997 1113 3022 redimat
1133 2997 1228 3023 Sotber
1246 2997 1379 3029 Bonifaci
1395 2997 1529 3028 Marchio,
1547 2998 1672 3030 Duxque;
