2288 3476
201 1905 221 1921 c.
234 1905 283 1926 ³7r

313 2509 345 2527 10

313 2721 342 2747 ιε

311 2929 345 2948 20

1066 225 1195 262 VITA
1222 222 1514 260 MATHILDIS

767 348 875 392 Regis
899 354 980 380 tunc
1004 357 1104 390 ospes
1128 353 1202 379 erat
1224 346 1306 379 urbs
1328 345 1506 379 Placentia
1528 346 1630 378 forte.

765 401 922 434 Prudens
945 401 1060 433 mirari
1085 400 1197 433 nullus
1220 400 1264 432 de
1287 409 1428 431 munere
1451 399 1512 431 tali

671 469 725 494 990

769 453 882 486 Debet
905 453 1007 492 enim,
1031 453 1169 496 quando
1192 451 1309 484 scierit
1332 451 1431 484 ducis
1453 451 1550 484 istius
1573 451 1687 494 amplo

767 507 867 540 Dono
890 506 1024 540 fulsisse
1047 517 1195 543 servum,
1218 505 1362 549 regique
1385 504 1533 544 dedisse,

766 560 911 592 Mantua
934 569 1012 592 cum
1036 569 1154 602 regem
1179 558 1374 601 pariterque
1398 558 1522 591 ducem
1546 558 1721 596 retineret,

765 613 867 645 Tunc
891 623 1007 645 comes
1029 611 1195 644 Albertus
1218 611 1305 652 vice,
1329 611 1429 644 dives
1451 611 1610 649 maxime,
1633 621 1752 644 servus

768 666 994 708 Predictique
1018 665 1127 703 ducis,
1150 664 1323 697 habitator
1346 670 1382 697 et
1403 663 1509 707 ipsius
1533 664 1635 706 urbis,

668 731 720 759 995

767 718 982 761 Cornipedes
1006 723 1145 751 centum
1167 718 1259 751 tilios
1283 717 1342 761 qui
1363 717 1436 750 iure
1460 717 1642 758 nitescunt,

765 772 852 805 Cum
875 771 1018 804 rudibus
1040 771 1144 810 sellis,
1167 771 1311 804 rudibus
1333 771 1442 804 frenis
1465 770 1522 804 vel
1545 770 1702 811 habenis,

769 824 923 858 Mutatos
947 831 1086 858 centum
1110 834 1179 857 non
1201 830 1350 857 mutatos
1374 833 1513 867 quoque
1537 822 1691 857 centum'

767 878 911 910 Astures
933 878 1109 921 pulchros,
1130 878 1208 921 regi
1230 877 1330 910 simul
1354 876 1477 910 obtulit
1499 877 1601 910 ultro.

773 932 788 948 ‘⁴
803 929 892 969 Quis
913 931 968 964 vir
990 930 1050 963 hic
1075 940 1150 963 esse
1174 936 1283 969 sonat,
1307 929 1366 974 qui
1389 930 1488 963 vobis
1510 930 1593 962 talia
1616 930 1750 970 donat„
1768 929 1782 962 ?

649 1000 719 1018 ιοοο
763 984 900 1018 Clamat
922 985 1052 1027 regina.

1099 984 1163 1017 Cui
1188 983 1276 1017 dixit
1297 994 1359 1016 rex
1382 983 1479 1027 quasi
1502 983 1646 1016 mirans:

772 1041 786 1056 ‘⁴
801 1037 888 1076 Quis
911 1038 965 1070 vir
987 1037 1092 1070 habet
1114 1047 1234 1070 servos
1257 1037 1378 1080 quales
1399 1036 1636 1070 Bonefacius?
1682 1037 1776 1081 Ergo

773 1091 839 1124 “In
862 1097 936 1124 toto
959 1101 1067 1135 regno
1091 1090 1235 1123 similem
1258 1089 1326 1123 sibi
1352 1100 1422 1123 non
1446 1100 1511 1134 ego
1535 1095 1666 1132 specto.

773 1146 788 1162 “
802 1144 966 1178 servulus
987 1144 1053 1177 iste
1076 1154 1156 1176 suus
1179 1144 1311 1176 referat
1333 1143 1439 1176 michi
1463 1143 1558 1187 quod
1580 1143 1645 1176 sibi
1668 1154 1761 1176 nunc
1783 1144 1866 1177 vult.

773 1200 787 1215 “
800 1197 861 1231 Nil
884 1197 979 1231 aliud
1002 1207 1142 1240 quaero,
1165 1197 1256 1236 volo,
1279 1206 1345 1229 nec
1368 1196 1483 1239 cupio,
1506 1206 1619 1239 neque
1642 1206 1754 1240 spero,

650 1267 717 1293 1005

769 1251 830 1284 “A
851 1257 886 1285 te
909 1251 945 1283 ni
968 1256 1099 1284 tantum
1122 1261 1219 1282 meus
1241 1256 1278 1283 ut
1301 1250 1461 1283 dominus
1483 1251 1528 1283 sit
1551 1256 1682 1283 amatus
1695 1275 1709 1291 ,,

766 1306 844 1338 Hoc
867 1304 1032 1337 Albertus
1055 1304 1104 1336 ait
1125 1304 1213 1348 regi3
1238 1314 1340 1347 quem
1363 1314 1424 1337 rex
1447 1303 1609 1348 rogitavit

767 1359 826 1392 Ad
848 1358 1023 1402 propriam
1046 1368 1200 1390 mensam
1223 1368 1341 1390 secum
1363 1358 1538 1400 prandere
1561 1357 1737 1391 refertam.

768 1413 844 1446 Hoc
868 1411 980 1444 timuit
1003 1411 1157 1450 verbum,
1180 1411 1365 1443 Bonefacii
1389 1411 1468 1455 quia
1491 1422 1611 1444 servus

768 1464 940 1498 Mandere
963 1474 1033 1497 non
1056 1475 1207 1507 unquam
1230 1474 1348 1496 secum
1371 1463 1437 1496 fuit
1459 1474 1562 1496 ausus
1584 1464 1629 1496 ad
1651 1475 1755 1497 unam

648 1535 718 1553 1010

766 1572 925 1606 Debebat
946 1572 1048 1605 forte.

762 1519 930 1558 Mensam,
955 1529 1033 1551 cum
1055 1528 1138 1561 rege
1162 1517 1221 1561 qui
1245 1518 1455 1550 manducare
1478 1523 1624 1560 repente

1096 1572 1209 1611 Quem
1233 1580 1297 1604 rex
1319 1576 1372 1603 sat
1393 1571 1545 1614 postulat
1568 1571 1614 1604 ob
1636 1581 1710 1604 rem

767 1626 976 1664 Predictam,
1000 1626 1140 1658 tandem
1164 1625 1235 1657 dux
1257 1635 1331 1656 rem
1355 1625 1529 1657 concessit
1550 1625 1715 1663 eandem

766 1680 854 1713 Cum
878 1679 967 1712 duce
991 1689 1074 1723 rege
1097 1678 1199 1711 simul
1223 1678 1277 1710 vir
1298 1678 1517 1720 iamscriptus
1539 1678 1614 1711 fere
1638 1678 1737 1711 vivus

768 1734 904 1766 Intrans
927 1732 972 1765 ad
994 1741 1158 1774 mensam,
1183 1731 1245 1764 sed
1267 1742 1410 1774 parvam
1433 1732 1580 1774 suscipit
1604 1741 1730 1764 escam.

648 1801 715 1827 ¹0¹5

761 1787 842 1819 Rex
864 1784 930 1818 sibi
951 1791 1141 1818 mastrucas
1163 1790 1242 1827 post
1264 1793 1380 1817 escam
1402 1784 1549 1817 maxime
1573 1784 1738 1827 pulchras

766 1839 930 1878 Donavit,
953 1839 1078 1872 florent
1101 1839 1232 1882 pariter
1254 1848 1393 1882 quoque
1417 1837 1648 1881 pelliciones.'

765 1893 844 1926 Hoc
866 1893 958 1937 regis
979 1903 1103 1925 munus
1126 1891 1225 1925 ducis
1248 1892 1294 1924 ad
1317 1901 1488 1924 cameram
1511 1891 1600 1930 tulit,
1623 1902 1727 1924 unum

766 1946 812 1979 Et
835 1946 966 1979 corium
989 1946 1095 1984 cervi,
1119 1945 1213 1989 quod
1235 1945 1381 1978 nummis
1404 1945 1478 1988 ipse
1499 1944 1646 1988 replevit
1653 1957 1663 1982 3

766 1999 940 2042 Principis
963 2004 1041 2032 ante
1066 1999 1175 2041 pedes
1199 1998 1342 2038 cecidit,
1365 1997 1429 2031 sibi
1451 2009 1597 2041 parcere
1621 2008 1803 2041 quaerens,

459 2133 486 2149 υ.
495 2125 558 2158 988)
567 2123 602 2150 Ci
613 2123 628 2149 ὲ
638 2126 709 2149 noto
720 2125 820 2156 questo
831 2123 988 2156 soggiorno
996 2129 1013 2147 a
1021 2122 1161 2147 Piacenza
1171 2122 1202 2146 di
1211 2121 1265 2146 En-

371 2168 443 2197 rico,
461 2165 564 2202 perche
582 2168 610 2192 ai
630 2167 716 2200 primi
731 2167 760 2191 di
775 2166 928 2191 novembre
941 2165 987 2190 del
1003 2164 1071 2197 1046
1084 2166 1115 2190 vl
1128 2166 1151 2190 si
1166 2166 1264 2190 incon—

372 2209 418 2235 τετὸ
429 2217 483 2236 con
494 2208 636 2243 GregorIo
646 2208 695 2234 VI.
705 2209 902 2237 Summum.
915 2208 1086 2240 Jahrbn'c'cker
1099 2209 1160 2236 etc„
1170 2207 1192 2237 Ι,
1205 2214 1264 2239 311.

459 2259 488 2278 v.
506 2252 568 2286 992)
593 2252 700 2276 Enrlco
718 2258 766 2276 era
786 2259 801 2276 a
825 2250 965 2275 Mantova
987 2250 1063 2274 nella
1087 2249 1199 2282 Pasqua
1218 2250 1263 2274 del

375 2299 441 2327 1047
460 2294 506 2327 (19
525 2293 635 2327 aprile),
656 2293 719 2318 anzi
732 2293 777 2318 dal
796 2300 813 2325 9
832 2293 924 2325 aprile
943 2293 970 2317 al
985 2298 1000 2316 ²
1014 2292 1137 2325 maggio,
1151 2299 1166 2317 e
1184 2293 1213 2316 vi
1234 2292 1264 2316 fu

372 2338 531 2362 trattemito
550 2337 585 2362 da
604 2344 661 2362 una
679 2336 820 2365 mantua,
834 2343 851 2360 0
865 2342 939 2367 pare,
953 2335 999 2360 dai
1014 2337 1096 2367 parto
1116 2334 1191 2359 della
1204 2342 1264 2359 mo-

371 2380 430 2412 glie
448 2379 498 2404 che
510 2379 561 2412 qul
573 2379 614 2411 gli
627 2386 674 2404 era
687 2380 792 2404 venuta
806 2379 940 2403 incontra
954 2376 1163 2408 (srrzmnom,
1178 2376 1264 2409 Jahr-

371 2421 474 2450 bucher,
492 2420 514 2450 1,
533 2427 593 2453 332,
613 2420 691 2454 333)=
710 2419 937 2445 all'Ascensione
954 2417 1001 2451 (28
1020 2419 1143 2451 magglo)
1157 2426 1204 2443 era
1217 2416 1264 2451 gia

372 2464 407 2488 ad
428 2463 566 2496 Augusta.

459 2513 487 2530 v.
505 2512 557 2538 993
574 2514 588 2529 e
606 2503 684 2539 sgg.)
701 2504 868 2537 L’episodIo
888 2510 947 2528 non
967 2503 1030 2528 dlce
1044 2503 1107 2528 solo
1121 2503 1197 2528 della
1211 2504 1263 2528 τῖε-

372 2547 475 2572 chezza
488 2548 517 2572 di
531 2547 691 2577 Bonisaclo‚
705 2555 750 2572 ma
762 2546 859 2575 anche,
873 2553 938 2571 cose
947 2546 1000 2570 ben
1012 2544 1061 2578 piu
1076 2546 1264 2579 importanti3

372 2591 397 2613 ci
419 2591 526 2614 mostra
541 2590 563 2614 il
578 2589 720 2614 Marchese
739 2596 755 2613 a
769 2589 917 2615 Mautova.
931 2589 1030 2612 centro
1049 2587 1125 2612 della
1144 2595 1194 2612 sua
1213 2595 1263 2621 po-

371 2633 455 2657 tenza
474 2632 551 2657 nella
563 2632 617 2656 Val
630 2632 755 2662 Fadana,
767 2638 782 2656 e
794 2631 986 2664 glustamente
1004 2631 1114 2655 seccato
1134 2630 1209 2655 della
1223 2631 1264 2655 in-

370 2672 467 2699 timia
487 2674 537 2699 che
556 2680 660 2707 pareva
680 2673 819 2698 stabilit-si
841 2673 883 2698 sta
903 2674 912 2698 i
932 2673 997 2698 suoi
1021 2673 1140 2698 vassalli
1158 2681 1173 2697 e
1191 2672 1262 2697 l'im-

370 2716 509 2749 peratore.
546 2714 675 2740 Corrado
693 2715 716 2740 il
742 2715 831 2740 salico
849 2722 906 2740 con
925 2715 954 2739 la
981 2715 1140 2740 constitutio
1159 2714 1191 2740 de
1210 2716 1262 2741 Be-

371 2758 472 2791 neficiis
489 2765 559 2783 avea
578 2758 653 2783 dieci
673 2758 743 2783 anni
761 2759 854 2790 prima
873 2758 1066 2790 danneggiato
1092 2757 1263 2783 abbastanza

371 2799 400 2824 la
418 2799 524 2832 grande
544 2798 684 2825 feudallta
698 2800 858 2825 favorendo
879 2801 887 2824 i
903 2800 1070 2829 valvassori,
1090 2798 1191 2833 perche
1209 2800 1263 2824 Βο-

372 2841 480 2866 nifacio
500 2843 575 2867 fosse
594 2844 784 2875 preoccupato
804 2842 833 2867 di
853 2843 950 2874 queste
969 2842 1107 2867 relazioni
1121 2843 1164 2867 fra
1183 2842 1205 2866 il
1218 2850 1264 2867 suo

372 2883 509 2909 Visconte
528 2885 557 2909 di
577 2885 716 2910 Mantova
734 2885 769 2910 ed
787 2884 900 2914 Enrlco,
915 2884 951 2909 da
965 2886 1019 2916 cui,
1039 2885 1162 2909 secondo
1181 2885 1226 2914 D.‚
1238 2885 1262 2908 sl

373 2924 479 2949 vedeva
503 2925 644 2958 guardato
668 2933 722 2950 con
749 2927 884 2959 sospetto.
921 2925 955 2950 Se
978 2926 1002 2950 si
1027 2926 1138 2950 volesse
1164 2927 1264 2951 metter

372 2965 526 2998 l’eplsodio
552 2968 581 2991 in
607 2967 748 2992 relazlone
773 2975 826 2992 con
847 2968 868 2992 il
893 2975 1023 3001 governo
1047 2968 1193 2993 tirannico
1218 2968 1263 2993 del

373 3006 516 3033 Marchese
528 3016 543 3033 a
553 3009 700 3039 Mantova,
713 3018 727 3034 e
742 3010 769 3035 la
782 3018 831 3035 sua
845 3010 1033 3043 usurpazione
1048 3011 1091 3035 dei
1106 3011 1172 3036 beni
1185 3011 1261 3043 degli

1319 2123 1471 2151 arimanni,
1499 2122 1635 2154 potrebbe
1663 2122 1785 2147 credersi
1811 2122 1860 2147 che
1885 2122 2005 2147 Alberto
2030 2130 2084 2147 con
2108 2123 2138 2148 lo.
2162 2130 2213 2148 sun
2266 2130 2267 2135 ¹

1320 2164 1419 2190 offerta
1437 2171 1534 2189 avesse
1552 2165 1582 2189 lo
1602 2171 1691 2197 scopo
1711 2162 1740 2189 di
1759 2165 1928 2197 ingraziarsi
1947 2164 2139 2198 l'imperatore
2151 2172 2212 2198 per-

1319 2205 1369 2231 che
1389 2207 1496 2231 facesse
1514 2207 1652 2240 giustizia
1672 2208 1698 2231 ai
1723 2207 1840 2232 reclami
1859 2207 1935 2231 della
1960 2206 2033 2232 cuti
2051 2214 2101 2240 per
2120 2208 2129 2232 ἰ
2148 2207 2213 2233 suoi
2243 2224 2246 2228 r
2266 2207 2277 2227 :¹

1319 2250 1385 2274 beni
1404 2257 1483 2274 come
1502 2249 1560 2274 fece
1580 2249 1626 2273 nel
1655 2256 1719 2282 ¹05⁵
1739 2249 1798 2274 alla
1823 2251 1915 2274 morte
1933 2250 1963 2274 di
1981 2249 2147 2276 BonifacIo:
2166 2257 2212 2275 ma
2243 2255 2246 2259 ’
2267 2272 2277 2279 ,,

1318 2292 1432 2316 sarebbe
1451 2299 1490 2316 un
1509 2292 1684 2316 sottilizzare
1704 2299 1719 2316 a
1737 2293 1781 2316 cui
1803 2299 1860 2316 non
1880 2289 1937 2325 pub
1956 2292 2093 2324 prestarsl
2110 2292 2133 2317 n
2152 2299 2212 2317 rac-
2248 2326 2251 2330 ,

1317 2335 1404 2358 conto
1423 2334 1575 2366 impreciso
1599 2334 1628 2358 di
1648 2334 1684 2359 D.

1406 2385 1432 2401 v.
1445 2377 1508 2408 993)
1521 2384 1616 2401 servus
1629 2384 1678 2409 per
1692 2377 1817 2402 vassallo
1828 2385 1845 2401 o
1859 2376 1957 2408 ledele,
1972 2383 2052 2402 come
2064 2377 2092 2402 al
2106 2385 2132 2402 v.
2144 2375 2211 2413 466:
2248 2379 2258 2407 J

1318 2426 1364 2443 era
1383 2418 1483 2444 insatti
1502 2426 1540 2443 un
1567 2419 1717 2444 Visconte.

1406 2469 1432 2486 v.
1450 2459 1563 2494 99596)
1588 2461 1743 2493 cornipedes
1769 2461 1851 2490 tilios,
1871 2461 1976 2486 cavalli
1994 2461 2052 2491 bai,
2069 2460 2210 2487 Luamzs
2244 2460 2257 2467 ”

1319 2502 1333 2515 ⁴‘
1344 2503 1464 2528 fortasse
1474 2506 1631 2528 castaneus:
1643 2503 1727 2536 tiglia
1741 2504 1818 2528 enlm
1830 2503 1912 2528 Italis
1924 2504 1967 2528 est
1980 2503 2107 2529 aesculus
2118 2503 2211 2538 hippo

1320 2545 1489 2571 “castanum
1508 2545 1585 2570 Linn
1595 2564 1618 2578 ,,.
1639 2544 1768 2579 (Pani-z).

1405 2596 1433 2614 v.
1451 2588 1514 2621 997)
1529 2591 1635 2613 astures
1646 2591 1761 2614 mutatos
1774 2596 1842 2617 non,
1855 2588 1931 2613 varii
1944 2588 1972 2612 di
1986 2587 2083 2613 colore
2096 2586 2210 2622 (Lura),
2248 2583 2251 2587 ’

1318 2638 1363 2655 ma
1382 2631 1431 2655 che
1451 2637 1580 2656 avevano
1599 2631 1740 2656 cambiato
1760 2632 1787 2656 le
1806 2639 1898 2664 penne
1911 2631 1989 2656 nella
2000 2631 2088 2661 mado,
2107 2631 2210 2665 qulndl

1317 2672 1365 2705 piis
1386 2681 1402 2698 o
1423 2681 1507 2698 meno
1527 2673 1635 2699 vecchi.
2247 2696 2261 2710 a

1405 2724 1433 2742 v.
1445 2714 1511 2746 999)
1525 2720 1607 2747 sonat,
1622 2716 1659 2741 ha
1673 2716 1757 2746 sama,
1771 2723 1839 2747 non,
1852 2716 1888 2740 ha
1902 2723 1992 2740 nome.
2011 2715 2095 2740 Nessa
2107 2722 2211 2748 espree-
2245 2709 2249 2715 ⁴

1318 2758 1399 2783 sione
1419 2758 1449 2783 di
1469 2760 1584 2791 stupore
1604 2757 1680 2783 della
1700 2759 1800 2791 regina
1818 2765 1832 2783 e
1851 2757 1896 2783 del
1915 2765 1945 2783 re
1962 2758 2007 2787 D..
2026 2765 2080 2783 con
2099 2757 2128 2783 la
2139 2757 2210 2784 enl-
2246 2757 2251 2773 ’-’

1317 2800 1433 2825 tazione
1452 2799 1528 2825 della
1541 2801 1693 2832 grandezza
1706 2800 1751 2825 del
1766 2807 1818 2825 suo
1831 2807 1904 2829 eroe,
1918 2801 2033 2825 insinua
2045 2797 2093 2832 gii
2106 2799 2134 2825 la
2145 2798 2210 2825 idea

1318 2842 1393 2867 della
1411 2842 1520 2875 gelosia
1540 2843 1585 2867 del
1606 2850 1740 2868 sovrano.

1404 2892 1430 2910 v.
1451 2882 1529 2918 1011)
1548 2893 1631 2917 quem.
1650 2884 1813 2909 Bonisacio.
2248 2907 2251 2910 Α
2281 2913 2282 2916 ¹

1405 2935 1431 2952 v.
1452 2927 1534 2959 1015)
1564 2928 1729 2956 Mastrucas,
1755 2927 1828 2952 vesti
1854 2927 1925 2951 fatte
1944 2927 1974 2951 di
1999 2926 2070 2960 pelli
2086 2926 2115 2951 dl
2133 2925 2209 2956 flers.
2281 2921 2282 2953 J

1317 2970 1425 2994 mentre
1438 2969 1614 3001 un’epitome
1627 2969 1743 2994 traduce
1754 2969 1844 2999 borsa
1854 2969 2018 3000 pelliciones,
2032 2968 2150 3001 pellicco
2158 2967 2208 3001 pi&
2250 2980 2255 2987 ι
2267 2985 2271 2997 r

1318 3011 1435 3043 piccole.
1454 3011 1532 3036 Mun.
