2288 3476
1038 200 1168 236 VITA
1194 181 1490 236 MATHILms

738 323 806 356 Hic
829 323 961 356 heresis
983 323 1082 355 limes
1104 323 1270 355 mundum
1294 322 1433 355 seduxit
1455 321 1592 365 inique;

737 377 832 409 Iussa
854 376 911 408 dei
935 375 1077 418 spernit,
1102 380 1301 407 sanctorum
1324 374 1433 407 verba
1454 374 1625 418 neglexit;

736 430 939 462 Prevaricat
963 429 1068 472 leges,
1093 428 1228 461 divinas
1250 428 1396 460 destruit
1418 428 1502 460 edes
1514 439 1523 465 ;

735 482 959 525 Persequitur
983 481 1127 525 dignum
1150 479 1339 519 dominum,
1363 491 1558 524 papamque
1582 481 1792 525 magistrum,

737 536 809 574 Qui
833 535 971 567 monitis
994 534 1102 566 sacris
1124 534 1248 577 plenus
1269 540 1386 567 manet
1408 534 1444 566 in
1467 533 1661 567 Laterani&

736 589 813 622 Illic
839 589 1031 621 consistens
1055 587 1296 631 spermologus
1319 587 1469 630 optimus
1491 588 1565 626 iste,

735 642 883 675 Actibus
907 647 942 674 et
965 641 1081 674 verbis
1105 640 1292 684 exprobrat
1314 641 1441 674 scisma
1463 641 1631 680 Guiberti,

736 696 911 738 Perpetuo
935 695 1127 737 dampnans
1150 695 1369 727 anathemate
1393 694 1555 727 scismata
1575 700 1692 733 tanta;

737 749 900 782 Nascitur
923 749 1006 780 hinc
1031 749 1167 781 cunctis
1190 749 1313 793 ingens
1335 748 1510 781 tribulatio
1535 748 1642 781 iustis.

734 803 936 835 Mucronem
961 802 1055 847 regis
1076 803 1137 846 pia
1159 813 1240 845 pars
1263 813 1366 846 quam
1389 803 1536 834 maxime
1559 802 1676 835 sentit:

735 857 884 889 Sedibus
906 856 1042 899 expulsi
1066 862 1145 889 sunt
1167 856 1351 899 pontifices
1373 865 1512 899 quoque
1536 856 1645 894 multi,

735 911 872 953 Flagris
895 910 1025 949 afflicti,
1049 909 1174 942 vinclis
1197 910 1233 942 in
1258 919 1402 942 carcere
1425 909 1551 942 stricti.

732 964 814 997 Rex
837 970 872 996 et
896 963 1083 997 Guibertus
1106 963 1240 996 faciunt
1264 963 1489 996 iuvenescere
1513 969 1649 1006 tempus

732 1017 886 1050 Neronis
908 1017 1028 1059 prisci,
1052 1016 1111 1060 qui
1133 1016 1295 1059 precepit
1319 1016 1478 1060 crucifigi

732 1070 884 1109 Petrum,
908 1070 1081 1103 cervicem
1105 1070 1205 1103 Pauli
1227 1070 1346 1114 gladio
1369 1070 1452 1103 ferit
1474 1069 1584 1103 idem'

733 1125 780 1157 Et
802 1124 965 1167 propriae
989 1129 1148 1156 ventrem
1172 1123 1396 1167 perscindere
1419 1123 1538 1157 matris
1561 1123 1605 1157 ab
1629 1134 1712 1158 ense

732 1178 840 1224 Fecit,
864 1185 901 1211 ut
920 1177 1109 1220 inspiceret
1131 1177 1304 1220 requievit
1325 1177 1383 1210 ubi
1407 1177 1517 1210 maius
1539 1177 1624 1220 ipse.

733 1232 793 1265 Sic
817 1232 979 1275 propriae
1002 1232 1121 1264 matris
1144 1231 1276 1274 palmas
1300 1230 1496 1264 calcaribus
1519 1231 1619 1270 acris,

733 1285 940 1318 Transfodit
963 1285 1085 1318 missus
1109 1284 1284 1318 Sathanae
1309 1283 1498 1317 Guibertus
1519 1284 1669 1328 iniquus.

731 1337 873 1371 Nullum
897 1338 1027 1382 quippe
1051 1338 1162 1371 virum
1186 1337 1300 1370 timuit
1323 1337 1388 1370 nisi
1411 1337 1507 1370 Nero
1531 1338 1744 1381 magistrum,

733 1392 842 1426 Venis
864 1391 982 1424 incisis
1004 1392 1041 1423 in
1065 1401 1165 1434 aqua,
1189 1392 1295 1424 vitam
1318 1390 1398 1423 tulit
1422 1390 1497 1433 ipsi,

732 1446 777 1478 Hi
802 1446 871 1478 duo
893 1444 1080 1487 prescripti
1103 1444 1184 1478 fidei
1208 1444 1284 1477 fere
1306 1454 1433 1477 nomen
1458 1444 1568 1483 obliti,

731 1498 885 1531 Perdere
908 1498 1063 1531 nituntur
1087 1498 1268 1530 doctorem
1293 1497 1446 1541 denique
1469 1509 1662 1537 summum3

729 1552 863 1596 Symon
887 1552 938 1585 eis
962 1552 1087 1585 doctor
1109 1562 1230 1596 magus
1253 1557 1347 1584 extat
1371 1557 1406 1584 et
1428 1551 1585 1594 hispidus
1609 1557 1720 1592 autor,

730 1606 898 1651 Ignorant
920 1605 1039 1638 forsan
1063 1606 1157 1648 quod
1181 1605 1262 1637 dum
1286 1605 1426 1638 fortuna
1448 1611 1602 1648 reportat

731 1660 879 1692 Iniustos
902 1669 1046 1697 sursum,
1070 1659 1218 1692 ruituros
1241 1669 1316 1691 esse
1340 1660 1503 1692 deorsum

731 1713 953 1756 Quandoque
977 1712 1055 1755 plus
1076 1712 1182 1755 ipsos,
1205 1712 1287 1745 ideo
1310 1712 1438 1755 patitur
1462 1712 1548 1745 deus
1571 1712 1659 1745 illos.

638 498 688 524 23⁵

637 765 690 791 ²40

636 1032 685 1058 245

166 1141 186 1155 c.
200 1140 247 1159 5⁴⁰

635 1300 688 1326 ²50

621 1567 682 1601 ‚25⁵

334 1858 377 1891 11.
401 1857 565 1899 Qualiter
587 1861 705 1890 contra
728 1867 848 1900 regem
872 1861 906 1889 et
930 1857 1130 1889 Guibertum
1154 1857 1327 1889 exarserit
1349 1856 1484 1888 domina
1509 1856 1690 1888 Mathildis
1712 1860 1747 1888 et
1761 1858 1852 1900 quod
1863 1857 1991 1890 cunctis
2014 1857 2188 1890 catholicis
2224 1847 2227 1869 3

422 1911 621 1944 subvenerit.

729 2005 844 2038 Corde
868 2005 926 2047 pio
949 2004 1099 2049 flagrans
1122 2003 1304 2037 Mathildis
1325 2004 1447 2037 lucida
1469 2003 1611 2047 lampas,

728 2058 908 2091 Adversus
931 2057 1033 2090 binos
1056 2057 1187 2090 domini
1212 2057 1327 2091 crucis
1349 2058 1413 2090 hos
1435 2057 1605 2094 inimicos,

730 2111 849 2151 Arma,
872 2111 1097 2149 voluntatem,
1121 2111 1280 2150 famulos,
1303 2121 1423 2155 gazam
1445 2111 1704 2154 propriamque,

729 2165 877 2207 Excitat,
902 2164 1082 2208 expendit,
1106 2164 1258 2208 instigat,
1282 2164 1418 2207 proelia
1441 2164 1557 2207 gessit.

732 2218 878 2263 Singula
899 2219 928 2251 si
951 2219 1088 2262 fingam,
1112 2228 1201 2261 quae
1225 2217 1312 2261 fecit
1333 2217 1459 2251 nobilis
1481 2217 1575 2257 ista,'

730 2272 895 2306 Carmina
916 2272 967 2305 sic
991 2276 1162 2310 crescent,
1186 2276 1263 2303 sunt
1285 2277 1323 2303 ut
1345 2281 1488 2303 numero
1511 2271 1585 2303 sine
1608 2271 1726 2310 stelle3

632 2334 683 2366 265
730 2326 837 2358 Plura
859 2325 922 2358 sed
945 2325 1146 2363 ommittam,
1171 2325 1215 2357 de
1239 2325 1362 2367 paucis
1385 2324 1510 2357 discite
1533 2325 1630 2358 mira.

631 2068 684 2091 260

164 2285 183 2303 ί.
198 2286 247 2304 55r

278 2873 311 2891 10

423 2494 449 2510 v.
469 2484 530 2516 23⁶)
550 2483 691 2516 Gregorio
712 2485 735 2508 si
755 2491 802 2508 era
815 2480 863 2516 gia
876 2484 993 2508 ritirato
1013 2490 1029 2507 a
1041 2482 1170 2513 Salernu,
1184 2483 1231 2514 qui

335 2528 370 2552 D.
391 2528 420 2552 sa
438 2527 608 2552 confusione
626 2526 674 2551 col
694 2526 821 2551 concilio
840 2525 1032 2551 Lateranense
1050 2525 1097 2550 del
1122 2524 1197 2557 1083.

425 2579 451 2595 v.
469 2567 531 2602 237)
556 2568 757 2601 spermologus.
782 2568 806 2592 11
833 2568 905 2592 Mur.
933 2568 1048 2592 scherza
1073 2575 1105 2592 su
1134 2568 1232 2599 questa

336 2613 448 2644 piccola
467 2609 568 2636 vaniti
582 2611 611 2636 di
625 2611 660 2636 D.
674 2611 705 2636 di
719 2618 783 2635 usar
797 2610 895 2643 parole
914 2610 1015 2642 greche
1028 2617 1043 2635 e
1056 2617 1170 2634 osserva
1183 2610 1233 2634 che

335 2656 434 2685 questa
447 2653 547 2687 parola
566 2654 846 2685 etimologicamente
865 2652 994 2685 significa
1013 2652 1193 2684 raccoglitore
1205 2652 1236 2677 di

335 2697 409 2725 semi,
424 2704 468 2721 ma
483 2697 493 2720 i
507 2696 592 2721 Greci
612 2696 640 2720 la
659 2702 788 2720 usavano
808 2696 839 2719 in
853 2702 935 2719 senso
955 2694 986 2719 di
999 2698 1096 2720 ometto
1115 2702 1133 2718 o
1147 2695 1232 2719 chiac-

336 2739 465 2767 chinone,
492 2745 570 2763 come
595 2739 723 2771 appunto
749 2738 780 2762 fu
799 2738 943 2762 chlamato
968 2745 1017 2762 san
1043 2737 1134 2762 Paolo
1154 2737 1233 2770 dagli

337 2781 469 2806 Ateniesi
490 2781 565 2813 (Atti
582 2784 653 2812 app„
675 2780 761 2810 XVII,
782 2779 835 2811 18).

426 2832 452 2847 v.
471 2821 534 2855 243)
547 2823 662 2856 flagris,
684 2822 797 2854 verghe.

425 2874 451 2889 v.
470 2871 523 2896 244
542 2874 556 2889 e
574 2864 651 2898 εἷς.)
664 2865 696 2889 In
711 2866 809 2897 questa
824 2866 967 2890 invettiva
980 2865 1015 2889 D.
1030 2864 1233 2897 paragonando

338 2906 443 2931 Enrico
462 2915 477 2931 e
497 2906 635 2932 Gulberto
656 2914 671 2932 a
690 2907 811 2936 Nerone,
830 2909 914 2932 trova
933 2907 1027 2939 questi
1047 2907 1130 2938 punti
1145 2906 1174 2930 di
1189 2913 1233 2931 so-

339 2948 506 2980 miglianza:
532 2948 647 2978 Enrico,
673 2956 752 2973 come
777 2949 899 2979 Nerone,
924 2949 1004 2974 tenta
1028 2949 1158 2974 uccidere
1184 2956 1234 2973 sua

339 2989 441 3019 madre,
460 2990 487 3015 ln
508 2990 626 3019 Chiesa;
647 2990 786 3015 Guiberto
807 2998 883 3015 cerea
903 2990 934 3015 di
949 2991 991 3015 far
1004 2991 1132 3015 uccidere
1147 2991 1167 3014 il
1182 2997 1234 3014 suo

1287 2484 1419 2511 maestro,
1439 2481 1591 2514 Gregorio,
1610 2489 1689 2507 come
1702 2482 1816 2507 Nerone
1834 2482 1949 2514 Seneca,
1963 2481 2065 2515 polche
2077 2482 2135 2516 egli
2148 2483 2185 2508 hs.
2273 2487 2275 2490 ·

1287 2531 1337 2557 per
1351 2526 1472 2549 maestro
1483 2523 1599 2549 Simone
1610 2525 1704 2558 Mago,
1714 2525 1737 2549 il
1750 2526 1843 2559 primo
1854 2525 2022 2550 simoniaco.
2041 2523 2085 2550 Lo
2098 2531 2185 2560 scopo
2240 2531 2247 2544 ²

1288 2567 1420 2598 orrendo,
1440 2567 1489 2591 che
1508 2567 1660 2592 Donizone
1680 2568 1847 2592 attribuisce
1866 2575 1882 2592 a
1894 2567 2016 2597 Nerone,
2029 2565 2045 2592 δ
2056 2574 2114 2592 una
2127 2568 2186 2592 tra·
2224 2563 2237 2596 'J
2248 2590 2249 2594 ,
2262 2587 2277 2590 >

1287 2610 1481 2634 sformazione
1502 2609 1641 2642 popolare
1660 2610 1733 2634 delle
1753 2610 1850 2642 parole
1870 2610 1947 2634 dette
1965 2609 2003 2634 da
2021 2609 2185 2644 Angpplns
2235 2599 2277 2642 ζ’,ἒ

1288 2653 1314 2676 ai
1336 2653 1430 2676 sicari.
1467 2652 1596 2677 Secondo
1622 2653 1644 2677 il
1669 2652 1861 2685 Pannenborg
1885 2653 1938 2685 (op.
1962 2653 2018 2682 cit„
2041 2659 2070 2686 p.
2091 2651 2134 2685 19)
2151 2652 2184 2677 in
2245 2650 2260 2675 ,2:-

1288 2694 1379 2725 questi
1406 2694 1547 2727 paragoni
1572 2702 1625 2718 con
1651 2694 1765 2719 Nerone
1789 2701 1804 2718 e
1826 2693 1924 2718 Simon
1944 2700 2027 2727 mago
2045 2693 2081 2718 D.
2099 2692 2184 2719 linito
2233 2695 2255 2737 ηἐ,

1287 2736 1445 2760 Deusdedit
1464 2736 1510 2760 nel
1530 2736 1646 2761 Libellus
1665 2739 1759 2760 contra
1778 2737 1917 2760 invasores
1936 2736 1989 2767 (M.
2016 2736 2050 2760 G.
2070 2736 2118 2765 H„
2136 2735 2185 2762 Lt-
2224 2742 2266 2767 -“,«

1287 2779 1354 2803 belli
1371 2779 1403 2802 de
1422 2778 1526 2810 1t12,11,
1548 2778 1626 2811 329);
1645 2786 1688 2803 ma
1702 2779 1737 2803 D.
1756 2778 1792 2802 ha
1806 2778 1973 2811 sviluppato
1993 2777 2013 2802 il
2033 2773 2185 2810 parngoiie.
2232 2773 2260 2806 ‘es

1376 2862 1484 2891 Questo
1495 2863 1624 2896 capitolo
1639 2863 1708 2887 vuol
1722 2863 1887 2887 riassumere
1900 2863 2009 2895 l’opera
2022 2862 2052 2887 dl
2064 2861 2185 2888 Matssde

1287 2906 1365 2931 dalla
1376 2906 1483 2930 discesa
1497 2906 1526 2930 di
1540 2905 1645 2930 Enrico
1657 2906 1714 2930 alla
1730 2907 1819 2930 morte
1830 2906 1860 2930 di
1869 2903 2013 2937 Gregorlo
2027 2903 2079 2929 VH
2091 2902 2184 2938 (1081-
2230 2934 2233 2935 ⁷
2248 2887 2253 2924 ’κ
2265 2920 2269 2936 2

1288 2947 1343 2982 85),
1364 2955 1417 2972 con
1437 2949 1482 2972 cui
1504 2949 1526 2972 si
1549 2948 1637 2972 inizia
1657 2948 1678 2972 11
1697 2947 1825 2980 capitolo
1844 2947 2013 2972 successive.
2049 2971 2052 2973 .

1376 2998 1403 3014 v.
1423 2990 1481 3023 261)
1499 2998 1608 3022 gazam.
1628 2991 1725 3014 tesoro
1744 2989 1772 3014 di
1794 2988 1928 3021 principi.
