2288 3476
0 208 21 270 le.
787 224 1136 260 PREFAZIONE
1683 224 1870 260 XXXVII

5 339 29 414 ᾗ
121 347 242 380 Utrum
266 353 379 380 autem
394 347 460 380 ista
474 347 599 381 nobilis
613 348 762 381 Domina
778 348 897 382 habuit
914 348 1024 380 virum
1040 348 1095 381 vel
1111 348 1180 381 fuit
1196 349 1293 391 virgo
1310 358 1378 380 non
1401 348 1526 386 inveni,
1542 354 1655 380 tamen
1679 353 1762 390 puto
1778 348 1872 390 quod

14 401 128 445 ¹§virgo
152 401 229 439 fuit,
252 410 293 433 eo
317 402 412 443 quod
435 412 455 433 a
477 401 585 434 nobili
609 407 719 434 matre
742 412 803 434 sua
827 402 952 434 devota
976 401 1040 434 fuit
1064 401 1350 434 excellentissime
1382 402 1520 442 nutrita,
1545 407 1579 433 et
1602 412 1622 432 a
1644 401 1748 433 beato
1770 400 1871 443 A[n]-

24 453 140 497 ‚selmo
163 453 295 486 lucensi
318 454 484 496 episcopo
508 454 694 487 informata
718 460 751 487 et
775 455 889 487 docta.
935 454 989 486 Ex
1011 454 1172 497 sequenti
1195 454 1362 493 oratione,
1387 465 1488 497 quam
1512 454 1665 487 faciebat
1688 454 1816 486 cotidie
1833 465 1869 486 se

8 499 192 555 ‘sponsam
215 506 344 539 Christi
366 507 520 550 appellat
542 508 636 550 quod
661 508 704 540 de
729 508 810 540 solis
832 507 1022 551 virginibus
1045 508 1181 541 dicitur.

4 596 87 661 έῗΙε
109 612 258 645 collectio
274 613 311 654 (J)
334 613 579 656 [Recolleetio]
600 617 788 658 temporum
804 614 1079 658 supradictorum
1095 614 1305 646 dominorum
1320 618 1354 646 et
1367 614 1578 646 dominarum
1593 625 1740 646 suarum.
1772 613 1870 646 Anno

20 666 28 671 “
119 666 249 698 domini
269 667 312 697 M
315 666 392 699 VII
408 667 590 700 indictione
619 667 654 701 V.

8 784 10 786 η
39 791 41 793 Ι
117 745 284 778 Dominus
308 746 463 779 marchio
486 746 689 779 Thedaldus
712 747 808 786 obiit,
831 753 866 780 et
889 748 954 780 fuit
977 748 1135 780 dominus
1159 748 1316 780 Ferrarie
1339 758 1402 790 pro
1425 748 1576 780 ecclesia
1606 748 1811 781 constitutus
1835 754 1868 781 et

12 795 29 842 '3'
54 798 114 832 cit
137 799 210 832 fieri
233 805 383 833 castrum
407 800 502 843 quod
526 800 690 842 apellavit
713 801 851 833 nomine
876 811 949 833 suo.

12 882 15 883 γ
36 848 39 853 “
115 853 283 886 Dominus
300 853 501 886 Bonifaeius
516 853 681 893 marchio,
699 853 787 886 filius
802 854 954 896 predicti
971 854 1101 886 domini
1117 854 1304 892 Thedaldi,
1320 860 1398 896 post
1413 860 1558 887 mortem
1574 855 1683 896 patris
1699 854 1786 887 vixit
1797 863 1870 887 va

14 918 28 930 =
50 906 138 944 nnis,
162 913 196 939 et
219 907 306 939 obiit
327 906 431 939 MLII
454 906 622 939 inditione
646 916 680 939 v·
727 907 874 939 Domina
897 906 1080 940 Comitissa
1102 907 1256 940 Matildis
1279 907 1348 939 filia
1371 907 1520 949 predicti
1544 908 1672 940 domini
1695 908 1868 941 Bonitacii

20 958 113 998 'fit
133 965 212 1001 post
234 966 378 992 mortem
401 959 507 1002 patris
529 969 622 992 nxm
647 959 761 992 annis:
785 966 819 992 et
841 960 980 1002 quando
1003 965 1137 992 mortua
1158 966 1210 992 est
1233 959 1401 992 curebant
1417 959 1559 993 MCXV
1580 961 1774 993 indictione
1789 970 1868 993 xm.

13 1007 16 1020 l

650 1070 748 1103 Anno
764 1070 895 1103 domini
912 1070 1086 1103 DCCLX
1080 1070 1127 1102 X
1122 1070 1167 1103 X
1162 1070 1190 1102 I
1196 1071 1242 1111 (J).

111 1150 185 1183 Leo
209 1161 300 1193 papa
323 1161 472 1194 pergens
497 1150 541 1183 ad
570 1156 727 1183 sanctum
750 1150 889 1183 Petrum
920 1151 955 1182 in
980 1151 1070 1183 festo
1094 1150 1187 1183 beati
1220 1150 1356 1183 Marchi
1380 1160 1457 1182 cum
1489 1151 1649 1183 lectaniis
1673 1157 1795 1194 captus
1818 1157 1869 1184 est

83 1209 245 1236 execatus
274 1209 310 1236 et
339 1204 524 1242 mutilatus,
556 1204 613 1236 cui
646 1203 806 1236 dominus
837 1203 972 1236 insimul
1002 1203 1157 1236 reddidit
1188 1209 1223 1236 et
1253 1204 1449 1246 loquellam.
1496 1204 1614 1242 Quare
1646 1214 1795 1247 pergens
1825 1205 1870 1238 ad

13 1261 51 1290 0..ss
65 1272 69 1284 2
97 1258 189 1290 olum
205 1267 283 1289 eum
300 1257 448 1290 Romam
465 1257 561 1289 duxit
576 1263 611 1290 et
628 1267 706 1289 eum
721 1258 952 1299 inperatorem
977 1257 1166 1289 coronavit.
1217 1257 1311 1289 Anno
1327 1257 1359 1289 d.
1384 1256 1598 1289 DCCLXX
1594 1257 1684 1289 XII
1702 1257 1868 1291 Karalus:

16 1299 174 1353 ‘'Karolus
196 1310 383 1353 imperator
404 1311 551 1344 instituit
573 1317 797 1354 pugnatores,
821 1310 947 1351 silicet,
971 1310 1168 1343 Rolandum
1192 1316 1226 1342 et
1249 1316 1396 1342 ceteros.

14 1351 38 1395 ’ἕ
112 1363 211 1396 Anno
225 1364 357 1396 domim·
375 1363 528 1397 DCCCc
538 1365 599 1398 VI:
616 1364 749 1408 Ungari
765 1363 1077 1406 depopullaverunt
1099 1362 1251 1396 Ytaliam
1269 1369 1303 1395 et
1319 1369 1498 1405 ceperunt.
1543 1363 1641 1396 Anno
1657 1364 1689 1396 d.
1715 1364 1870 1396 MXXJ.

16 1398 45 1452 ’ᾗ
113 1416 277 1460 Migravit
301 1417 346 1449 ad
369 1417 544 1450 dominum
568 1423 707 1450 sanctus
729 1417 870 1450 Simeon
893 1417 1061 1449 heremita
1084 1417 1144 1457 qui
1175 1416 1326 1449 habebat
1355 1416 1610 1449 heremitorium
1634 1417 1724 1449 iusta
1754 1428 1871 1450 mona-

18 1454 164 1559 gisrium
195 1470 302 1503 sancti
334 1470 518 1503 Benedicti
550 1471 645 1514 quod
676 1476 727 1502 est
749 1471 840 1502 inter
871 1469 1004 1501 Padum
1028 1475 1063 1502 et
1085 1469 1266 1501 Lironem:
1292 1469 1351 1501 hic
1374 1469 1442 1501 fuit
1474 1470 1518 1501 de
1542 1470 1699 1511 partibus
1728 1470 1869 1503 orientis

27 1527 38 1563 J
67 1523 137 1557 icet
159 1523 203 1556 de
227 1521 401 1561 Armenia,
425 1530 459 1556 et
483 1533 536 1555 ΧΠ
560 1524 660 1556 annis
682 1523 778 1556 stetit
800 1524 836 1555 in
853 1524 993 1555 heremo
1016 1523 1125 1566 egipti
1149 1528 1183 1554 et
1205 1522 1255 1555 ibi
1280 1533 1358 1554 cum
1383 1523 1516 1555 duobus
1539 1523 1643 1555 sociis
1665 1523 1869 1556 artissimam

23 1577 130 1615 §vitam
153 1577 254 1610 duxit
276 1577 338 1610 sed
362 1583 447 1610 nutu
471 1577 529 1609 dei
552 1577 615 1609 ivit
637 1577 808 1609 visitando
832 1577 911 1608 loca
932 1581 1062 1614 sancta,
1086 1582 1122 1608 et
1144 1577 1225 1608 dum
1250 1575 1385 1608 veniret
1408 1577 1452 1608 de
1475 1582 1596 1608 sancto
1620 1576 1749 1609 Iacobo
1773 1577 1870 1611 venit

23 1616 183 1671 ‚i’armam
205 1629 240 1662 in
263 1629 384 1663 habitu
406 1631 603 1673 peregrino,
627 1635 710 1662 tunc
735 1628 1006 1662 transferebatur
1030 1639 1156 1671 corpus
1172 1629 1272 1661 beate
1292 1628 1445 1662 Felicule
1462 1628 1507 1661 de
1523 1629 1604 1661 villa
1621 1640 1686 1671 que
1710 1630 1758 1662 sic
1774 1630 1870 1672 apel-

14 1675 113 1722 {ntur
129 1682 163 1715 in
180 1683 332 1716 ecclesia
347 1684 457 1715 sancti
474 1683 586 1716 Paulli
602 1693 665 1726 per
682 1683 883 1725 episcopum
899 1681 1119 1715 Parmensem
1135 1683 1274 1715 nomine
1293 1682 1424 1724 [manca
1439 1683 1466 1714 il
1479 1683 1597 1724 nomeJ.
1615 1681 1740 1715 Beatus
1756 1688 1870 1715 autem

24 1723 166 1785 jimeon
188 1736 236 1770 ibi
251 1747 394 1779 presens
416 1737 484 1769 fuit
500 1743 534 1769 et
557 1737 691 1769 sanavit
711 1747 814 1768 unam
838 1736 1003 1769 nobillem
1026 1736 1198 1769 dominam
1215 1736 1259 1768 de
1275 1736 1467 1769 Menticulo
1491 1746 1558 1779 que
1574 1742 1649 1768 erat
1672 1736 1866 1779 paralitica.

20 1783 27 1807 ’ἶ
57 1794 72 1823 t
88 1799 129 1822 ex
144 1789 212 1822 hoc
235 1789 439 1822 Parmenses
454 1790 500 1823 ad
514 1800 591 1822 eum
615 1800 774 1834 magnam
797 1789 1028 1822 reverentiam
1045 1789 1265 1822 exibuerunt.
1311 1789 1437 1822 Postea
1451 1789 1533 1821 inde
1549 1790 1718 1822 recedens
1732 1790 1869 1833 rogavit

28 1886 35 1890 ,.
104 1859 141 1882 u,
164 1843 259 1886 quod
289 1843 354 1876 sibi
384 1843 583 1876 ostenderet
612 1843 725 1876 locum
748 1843 807 1876 ubi
839 1843 962 1876 cellam
993 1854 1087 1875 suam
1112 1843 1285 1876 collocare
1315 1848 1433 1886 posset
1463 1843 1558 1885 quod
1589 1848 1624 1875 et
1655 1843 1756 1875 fecit:
1788 1854 1867 1875 nam

14 1897 40 1934 ξ,
68 1895 150 1928 llam
172 1906 267 1928 suam
289 1896 404 1939 posuit
433 1906 543 1939 prope
566 1896 699 1929 dictum
722 1896 966 1929 monasterium
997 1896 1087 1929 forte
1111 1897 1158 1929 ad
1180 1897 1307 1929 iactum
1330 1895 1478 1934 balliste,
1501 1895 1560 1928 ubi
1584 1902 1739 1929 sanctam
1764 1896 1867 1928 vitam

15 1942 168 1999 specus,
191 1949 344 1991 sepultus
366 1955 419 1982 est
441 1950 477 1982 in
499 1949 648 1982 ecclesia
670 1949 763 1982 beati
786 1949 969 1982 Benedicti
991 1949 1144 1992 predicti
1167 1949 1379 1982 monasterii.
1425 1949 1513 1982 Cum
1535 1950 1602 1982 isto
1619 1954 1738 1982 sancto
1761 1949 1869 1982 confi-

26 1999 172 2043 debatur
194 2002 374 2044 predictus
395 2003 550 2035 marchio
573 2002 733 2035 dominus
755 2002 955 2036 Bonifacius
977 2008 1078 2045 pater
1101 2002 1143 2034 D.
1166 2003 1232 2035 M.:
1256 2003 1437 2045 predictus
1460 2002 1575 2034 silicet
1598 2008 1737 2035 sanctus
1753 2002 1868 2034 multis

26 2047 150 2098 {latuit
178 2055 353 2088 miraculis
376 2061 410 2088 et
439 2056 476 2088 in
498 2055 570 2088 vita
593 2063 626 2088 et
648 2057 685 2088 in
708 2062 830 2095 morte,
853 2057 947 2099 apud
972 2056 1070 2088 cuius
1093 2055 1243 2088 tumbam
1267 2056 1356 2089 fecit
1378 2066 1414 2088 se
1436 2055 1568 2097 portari
1592 2055 1730 2088 nobiliis
1752 2056 1794 2087 D.
1818 2055 1866 2088 M.

26 2107 86 2145 bi
109 2109 331 2152 requiescunt
347 2109 422 2142 eius
437 2109 593 2152 reliquie.
640 2108 772 2142 Eodem
796 2109 977 2142 millesimo
1002 2115 1037 2142 et
1059 2115 1215 2151 tempore
1240 2109 1350 2142 fames
1382 2109 1496 2140 valida
1521 2109 1597 2147 fuit,
1621 2109 1671 2141 sol
1702 2109 1794 2141 visus
1817 2114 1867 2141 est

26 2152 187 2207 deficere,
211 2169 246 2195 et
267 2163 349 2195 luna
369 2161 478 2196 tribus
500 2162 622 2196 diebus
644 2168 716 2196 tota
738 2163 926 2206 sang-uinea
948 2162 1151 2205 apparebat.

35 2276 38 2306 ἶ
694 2273 792 2306 Anno
815 2274 945 2306 domini
964 2273 1078 2306 MXL
1086 2274 1192 2315 Vl(!).

36 2319 49 2398 K*
114 2352 253 2386 Nobilis
276 2354 430 2386 marchio
455 2354 648 2386 Bonifatius
671 2364 748 2386 cum
766 2359 855 2386 esset
871 2354 907 2385 in
931 2353 1077 2396 Spineta
1101 2353 1182 2386 villa
1206 2363 1273 2396 que
1290 2359 1341 2386 est
1364 2363 1475 2395 prope
1498 2359 1652 2385 sanctum
1677 2352 1864 2385 Martinum

29 2399 74 2453 de
95 2405 251 2450 Argente
266 2406 301 2447 (Ι)
324 2417 391 2450 que
415 2413 466 2440 est
489 2418 593 2449 super
615 2408 726 2450 ripam
757 2407 887 2450 Agii(!)
908 2407 945 2439 in
969 2407 1173 2449 episcopatu
1196 2407 1434 2446 Cremonensi,
1459 2407 1599 2449 quidam
1622 2406 1802 2449 sagitarius
1825 2406 1861 2437 in

39 2481 40 2484 =
68 2459 157 2492 'diis
179 2460 310 2501 positus
332 2460 495 2503 sagitavit
516 2471 593 2492 eum
616 2461 732 2493 oculte
749 2467 783 2493 et
799 2460 976 2493 interfecit
1000 2470 1088 2493 eum.
1134 2459 1192 2492 Ad
1209 2459 1486 2501 osten[den]dum
1502 2466 1616 2492 autem
1632 2460 1727 2502 quod
1742 2460 1866 2492 iniuste

38 2510 47 2557 ζ
100 2513 247 2552 occisus,
269 2514 306 2546 in
328 2514 408 2546 loco
431 2514 491 2547 ubi
512 2514 626 2547 stabat
648 2514 708 2546 ille
731 2514 923 2558 sagstarius,
946 2514 1052 2547 nichil
1075 2514 1213 2557 penitus
1237 2514 1399 2553 nascitur,
1423 2523 1489 2546 nec
1505 2513 1614 2546 herba
1630 2523 1695 2545 nec
1719 2515 1864 2555 fructus,

37 2574 95 2610 ec
115 2566 209 2599 aliud
232 2572 268 2600 et
289 2573 406 2600 tamen
429 2567 560 2600 circum
584 2577 722 2610 quoque
744 2568 896 2600 nascitur
919 2567 1038 2600 herba.

41 2616 58 2660 ἶ,
114 2619 248 2663 Incipt't
270 2621 380 2652 oratio
402 2631 504 2663 quam
528 2620 721 2663 composuit
743 2620 949 2653 venerabilis
972 2620 1127 2653 Antistes
1150 2621 1195 2653 ad
1225 2620 1497 2653 consolationem
1523 2617 1660 2653 domine
1684 2620 1864 2654 Comitisse

37 2681 53 2702 μ
74 2671 191 2712 tildis,
222 2679 361 2706 sanctus
391 2673 575 2706 Anselmus
606 2674 914 2716 supranominatus,
939 2674 998 2716 qui
1022 2684 1041 2706 a
1064 2684 1154 2716 papa
1186 2674 1355 2717 Gregorio
1387 2673 1454 2706 VII
1484 2674 1551 2706 fuit
1581 2674 1797 2706 transmissus
1819 2675 1865 2707 ad

47 2763 51 2767 ,
85 2730 155 2758 tam
185 2726 359 2759 dominam
390 2725 611 2771 dirigendam
642 2733 711 2759 tam
733 2727 769 2759 in
799 2727 1031 2770 spiritualibus
1062 2737 1164 2769 quam
1187 2726 1222 2758 in
1252 2726 1508 2769 temporalibus,
1539 2733 1575 2759 et
1597 2727 1670 2768 ipse
1692 2737 1865 2769 nunquam

0 2783 2 2788 '
49 2779 176 2812 seruit
198 2789 306 2823 usque
329 2780 384 2812 vel
408 2785 564 2819 mortem,
590 2780 687 2813 cuius
709 2790 836 2822 corpus
859 2780 1051 2813 honorifice
1067 2780 1227 2822 sepelivit
1241 2780 1336 2812 dicta
1361 2780 1500 2812 domina
1515 2780 1549 2811 in
1574 2780 1721 2812 ecclesia
1744 2780 1865 2813 maiori

83 2830 229 2866 Mantua
251 2843 352 2876 quem
377 2826 541 2867 Christus'
554 2833 670 2866 multis
693 2833 896 2866 clarificavit
918 2834 1103 2866 miraculis.
1142 2831 1259 2876 Sagae
1282 2832 1463 2866 l'orazione
1485 2834 1524 2865 di
1543 2832 1577 2866 S.
1602 2832 1762 2866 Anselmo
1776 2834 1798 2866 ¹.

58 2964 61 3010 ἶ
115 2969 126 2987 ¹
144 2971 176 2996 In
196 2971 274 2997 detta
293 2972 435 3001 orazione‚
455 2972 474 2997 f.
494 2980 528 3005 94
538 2981 565 3002 v,
585 2973 657 2998 dove
676 2972 690 2998 ὸ
705 2973 783 2998 detto
804 2971 917 3006 “Spon-
973 2974 1113 3006 aggiunge
1127 2974 1157 2998 in
1172 2980 1249 2998 rosso
1265 2972 1361 2997 “Nota
1375 2975 1569 3005 argumentum
1582 2973 1658 3006 quod
1675 2973 1729 2998 fuit
1743 2974 1827 3006 virgo
1839 2992 1863 3006 Μ

74 3024 76 3026 v
101 3012 160 3038 fleri
186 3015 260 3046 regis
279 3015 370 3040 eterni
391 3015 561 3047 desponsata
588 3016 617 3040 in
644 3015 864 3047 misericordia„
893 3016 917 3040 si
973 3015 1023 3040 che
1041 3022 1088 3040 era
1106 3017 1183 3040 certo
1203 3015 1233 3039 in
1254 3016 1368 3047 origine
1388 3016 1414 3040 la
1434 3015 1555 3048 postilla
1574 3016 1602 3040 di
1618 3023 1655 3040 un
1676 3015 1788 3041 lettore.
