2288 3476
360 927 415 954 600

360 1309 413 1342 605

358 1691 414 1718 διο

360 1959 414 1991 6ι5

419 370 438 402 b
462 368 563 408 Quos
584 369 680 403 Deus
703 368 749 402 ad
772 370 890 403 caulas
911 369 1064 412 paradisi
1089 369 1195 403 ducat
1217 374 1252 402 et
1277 368 1382 409 aulas,

417 435 436 456 c
459 423 540 456 Non
564 423 639 456 edis
662 422 775 461 mixti,
799 422 924 456 sinceri
946 423 1016 456 sint
1038 422 1102 456 sed
1124 422 1234 461 ovilis,

416 476 442 508 d
462 476 597 509 Pascua
619 486 688 520 quo
711 476 843 510 Christi
866 482 1011 519 pascant
1034 476 1108 509 sine
1132 476 1199 509 fine
1222 476 1376 520 benigni.
1422 476 1548 510 Amen.

150 619 159 629 .
180 594 320 630 Urbana
335 596 514 629 altercatio
536 597 627 629 inter
644 596 826 630 Canossam
842 601 877 629 et
892 598 1082 639 Mantuam,
1105 583 1147 629 ite
1170 600 1316 641 corpore
1331 596 1426 629 ducis
1446 600 1480 629 et
1494 595 1700 629 marchionis
1723 595 1910 640 Bonefacii.
1967 603 2043 628 Μυκ.»
2057 608 2097 628 ³⁵9

796 689 1019 724 CANOSSA
1042 690 1186 724 DICIT.

459 761 499 793 In
522 761 653 794 tumulo
676 767 811 803 patrum
836 761 996 795 dominus
1017 772 1114 794 meus
1136 771 1210 794 esse
1235 761 1384 795 locatum

458 814 601 857 Optavit
624 824 751 856 corpus
772 813 952 857 proprium
976 813 1200 847 Bonefacius.
1245 814 1325 847 Hoc
1347 821 1384 847 tu

455 867 585 900 Verum
605 877 806 910 presumens
829 867 986 909 rapuisti,
1008 867 1164 900 Mantua.
1210 868 1283 901 Cur
1306 879 1360 900 me

462 919 619 963 Corpore
643 921 688 954 de
711 925 807 954 tanto
831 920 1004 954 turbasti?
1029 931 1083 953 me
1107 921 1300 964 spoliando.

698 1017 911 1051 MANTUA
933 1018 1212 1052 RESPONDIT
1224 1018 1272 1060 (1).

455 1088 548 1122 Urbs
571 1099 637 1132 ego
660 1099 736 1121 sum
760 1088 867 1127 dicta,
890 1094 928 1120 tu
952 1088 1080 1122 diceris
1103 1099 1164 1121 arx
1186 1088 1389 1122 Canusina-¹

454 1142 543 1176 Sunt
565 1142 723 1175 homines
744 1152 893 1181 mecum,
917 1142 1050 1175 referas
1073 1142 1158 1185 quid
1180 1142 1343 1185 prospice
1366 1153 1519 1175 mecum:
1972 1150 1997 1174 ι.
2013 1156 2033 1172 c.
2049 1155 2097 1175 αν

457 1195 604 1228 Divitias
626 1195 751 1228 multas
773 1194 898 1236 habeo,
922 1206 944 1228 o
967 1195 1180 1238 paupercula
1202 1196 1315 1228 stulta„

455 1248 615 1281 Flumine
638 1259 712 1281 sum
737 1248 843 1287 eima,
867 1247 912 1280 de
935 1248 1082 1281 navibus
1104 1248 1258 1292 undique
1281 1249 1389 1281 firma.

462 1302 542 1334 Non
565 1301 649 1334 alibi
672 1301 759 1335 iuste
783 1302 889 1335 decet
911 1302 980 1335 hoc
1003 1301 1066 1334 nisi
1092 1312 1219 1344 corpus
1240 1302 1277 1334 in
1299 1301 1395 1335 urbe.

793 1398 1016 1433 CANOSSA
1040 1399 1182 1433 DICIT.

454 1470 562 1504 Urbis
584 1470 692 1504 habes
714 1481 852 1509 nomen,
875 1470 939 1503 sed
961 1480 1032 1503 non
1055 1480 1094 1503 es
1115 1470 1258 1515 grandis
1281 1470 1424 1504 honore.

457 1523 494 1558 Si
518 1524 666 1567 populos
688 1524 813 1557 multos
836 1523 977 1562 habeas,
1001 1529 1116 1557 tamen
1139 1523 1270 1567 absque
1293 1524 1468 1567 triumpho

455 1577 585 1611 Vivere
608 1583 642 1610 te
666 1578 803 1616 scimus,
827 1577 893 1610 nisi
915 1583 950 1610 te
973 1577 1069 1611 iuvet
1090 1577 1181 1610 alter
1203 1578 1345 1611 amicus.

454 1631 586 1665 Contra
607 1636 643 1664 te
666 1630 760 1664 bella
781 1631 811 1663 si
835 1637 988 1674 surgant,
1012 1630 1140 1674 quidve
1163 1630 1306 1670 misella,

458 1684 516 1717 Tu
537 1684 674 1717 facies?
698 1684 794 1716 Duro
818 1694 888 1718 non
911 1693 949 1717 es
971 1683 1176 1717 circundata
1198 1695 1311 1718 muro:

455 1737 656 1770 Percuteris
678 1747 742 1780 per
763 1748 881 1780 aquas,
905 1748 969 1780 per
991 1743 1111 1776 terras,
1136 1738 1276 1781 quando
1297 1737 1456 1772 rebellas.

454 1790 543 1834 Spes
565 1797 625 1824 tua
646 1796 725 1834 post
747 1801 875 1834 sepem,
900 1790 1050 1834 clipeum
1073 1791 1146 1824 vult
1171 1791 1278 1834 stipes
1302 1797 1337 1824 et
1360 1801 1477 1825 ensem

455 1844 587 1883 Omnis,
609 1844 701 1877 enim
724 1850 763 1877 tu
785 1844 835 1877 sic
859 1845 1010 1878 evadere
1033 1844 1159 1888 vixque
1183 1844 1326 1878 valebis.

457 1897 574 1931 Prelia
597 1898 626 1931 si
649 1898 769 1931 saltem
792 1908 856 1940 per
879 1903 1038 1941 tempora
1061 1904 1096 1931 te
1120 1898 1187 1931 tria
1208 1898 1358 1937 calcent,

459 1951 588 1984 Divitie
610 1957 721 1984 sumte
744 1951 828 1994 quin
850 1951 1013 1985 deficient
1035 1951 1098 1985 tibi
1122 1957 1259 1985 cuncte.

458 2005 608 2038 Putrida
630 2004 848 2049 lympharum
870 2005 1090 2048 febriumque
1112 2011 1266 2038 moratus
1289 2016 1418 2044 eam,

459 2057 625 2102 Algorem
649 2058 767 2097 nutrit,
791 2059 853 2091 sed
875 2065 910 2092 et
931 2064 1040 2091 estum
1063 2059 1123 2102 qui
1145 2058 1246 2092 nimis
1267 2059 1346 2093 urit.

459 2112 648 2146 Incolumis
672 2112 801 2155 quippe
824 2113 904 2144 vivo
927 2122 991 2154 per
1013 2118 1171 2155 tempora
1192 2112 1299 2153 mille,

457 2165 567 2198 Porro
591 2174 719 2198 cenosa
741 2164 864 2207 procul
888 2176 909 2197 a
931 2174 987 2198 me
1010 2165 1130 2198 scrobs
1152 2171 1186 2198 et
1209 2176 1352 2209 aquosa.

147 2277 231 2303 Nella
249 2285 300 2303 sua
324 2277 458 2309 edizIone
482 2278 505 2302 il
524 2277 675 2310 Muratori,
703 2278 776 2302 sulla
798 2278 864 2303 base
883 2278 957 2303 delle
1012 2277 1080 2312 pero
1099 2279 1149 2303 che
1169 2286 1237 2304 avea
1258 2279 1368 2305 vissuto
1388 2288 1404 2305 a
1423 2279 1561 2312 Canossa,
1586 2282 1699 2307 almeno
1725 2283 1761 2308 da
1778 2283 1910 2316 giovane‚
1939 2289 1974 2308 ιο

57 2324 63 2341 Ι
83 2320 196 2355 pltomi,
223 2327 238 2346 e
266 2328 345 2346 come
374 2319 459 2346 “non
488 2320 634 2352 pertinens
662 2320 698 2345 ad
725 2320 801 2345 hunc
826 2321 956 2353 locumm
1011 2323 1116 2353 poteva
1135 2323 1263 2346 sentirne
1286 2322 1307 2347 il
1334 2323 1493 2354 desideri03
1518 2325 1617 2349 invece
1642 2325 1671 2349 la
1693 2325 1819 2350 lorenese
1845 2325 1910 2350 Bea-

55 2360 146 2391 prta·
165 2362 338 2388 l‘Aleercatio
357 2363 435 2396 dopo
454 2363 483 2387 la
502 2364 594 2387 morte
613 2363 643 2387 di
666 2362 830 2394 Bonifacio,
849 2364 956 2388 mentre
1011 2364 1090 2392 trice,
1110 2365 1222 2389 sentiva
1241 2372 1325 2389 meno
1344 2365 1368 2390 il
1387 2365 1498 2390 fascino
1518 2366 1591 2391 delle
1610 2367 1752 2392 memorie.

56 2403 68 2435 ἲ
101 2404 200 2430 codice
226 2404 368 2430 Lucchese
393 2413 407 2430 e
426 2405 586 2438 Reggiano.
612 2413 692 2430 come
711 2412 781 2438 pure
805 2405 847 2438 gli
867 2405 959 2430 indici
1102 2414 1128 2431 v.
1148 2406 1210 2438 602)
1235 2407 1259 2431 11
1284 2407 1437 2439 Mumtori,
1463 2409 1631 2441 stampando
1654 2410 1730 2441 quod,
1749 2409 1832 2435 voles
1852 2418 1910 2434 mu-

60 2460 68 2479 ¹„
84 2459 88 2466 .
109 2447 143 2473 sl
162 2447 207 2473 del
225 2448 289 2472 cod.
316 2448 343 2477 V,
366 2448 395 2472 la
413 2446 554 2480 vogliono
572 2448 637 2479 qui3
658 2447 848 2481 l’argomento
868 2449 958 2472 stesso
1013 2447 1089 2473 tario
1108 2447 1138 2471 ln
1158 2452 1221 2480 quot
1238 2447 1350 2482 (cives);
1365 2449 1466 2475 invece
1479 2451 1567 2475 anche
1581 2452 1610 2476 R
1623 2449 1659 2476 da
1674 2451 1828 2484 “prospice
1841 2452 1910 2484 quid

79 2715 81 2717 ·
114 2707 183 2724 3-
148 2716 183 2722 —
193 2699 348 2729 ωαῐίδῖοῆεδ,
362 2707 456 2724 arx:

55 2499 73 2527 ,g-
88 2490 120 2519 ·1‚
139 2490 189 2515 che
201 2488 216 2515 ὲ
229 2489 393 2523 sepulcrale,
407 2497 466 2516 non
484 2490 521 2515 ha
534 2490 614 2515 nulla
628 2491 658 2515 di
673 2491 798 2515 stonato.
835 2490 860 2515 11
875 2490 958 2516 Beth·
1016 2490 1144 2515 “referas
1163 2498 1272 2515 mecum
1282 2509 1307 2523 „‚
1327 2490 1389 2517 eloe
1408 2492 1457 2517 che
1477 2500 1542 2517 cosa
1561 2493 1631 2526 puoi
1652 2493 1838 2518 confrontare
1857 2501 1911 2518 con
1940 2501 1971 2528 25

54 2535 83 2558 τι·
109 2537 149 2555 nn
168 2530 196 2555 ln
216 2531 314 2556 rimiae
326 2531 354 2555 nl
367 2531 464 2564 glusto
483 2532 570 2562 posto
584 2538 599 2555 e
618 2538 676 2555 non
691 2531 715 2555 si
734 2532 845 2563 capisce
858 2530 959 2564 perche
1015 2533 1022 2556 i
1044 2532 1112 2556 miei
1132 2532 1216 2557 molti
1237 2533 1383 2558 cittadini.

56 2570 62 2588 's
103 2571 210 2598 Dnvoll
230 2579 244 2597 e
265 2572 286 2597 il
305 2571 451 2598 Grimaldi
470 2572 544 2597 nelle
564 2572 628 2597 loro
647 2572 816 2598 traduzioni
836 2573 958 2598 abbiano
1102 2583 1127 2598 v.
1147 2574 1198 2599 60⁶
1210 2583 1224 2599 e
1237 2573 1315 2608 sgg.)
1328 2574 1434 2604 Queste
1455 2577 1600 2602 insolenze
1614 2585 1629 2602 a
1648 2577 1786 2602 Mantova
1800 2579 1824 2602 si
1839 2579 1911 2610 spie-

62 2611 67 2617 ”
83 2627 102 2644 -;
131 2615 173 2640 lto
193 2614 215 2639 11
233 2613 383 2645 Muratori‚
402 2615 476 2640 dove
494 2622 578 2639 meno
597 2622 644 2639 era
666 2615 687 2639 il
713 2623 787 2640 casn.
823 2615 856 2640 In
882 2617 911 2641 R
928 2616 959 2641 vi
1012 2624 1087 2649 gano
1102 2617 1207 2649 meglio
1221 2617 1394 2643 ricordando
1408 2618 1458 2643 che
1472 2619 1578 2644 turono
1592 2621 1690 2644 scritte
1712 2622 1819 2645 mentre
1831 2619 1911 2645 Man-

62 2662 134 2684 nono
153 2657 243 2682 molte
261 2657 380 2690 postille
402 2657 600 2682 interlineari·
625 2658 958 2688 caulas=habitatwnes‚
1013 2660 1080 2683 tova
1099 2667 1145 2684 era
1169 2667 1273 2684 ancora
1298 2660 1330 2685 in
1350 2661 1447 2692 quella
1473 2662 1626 2686 ribellione
1652 2663 1756 2687 contro
1781 2662 1911 2693 Matilde,

466 2700 554 2728 rocha,
567 2703 730 2725 moratus:
741 2700 852 2731 mansio,
870 2701 959 2726 scrobs
1013 2701 1063 2726 che
1082 2700 1154 2726 duro
1174 2702 1220 2726 dal
1243 2709 1308 2735 1091
1331 2703 1396 2728 sino
1416 2703 1581 2729 all’ottobre
1599 2704 1644 2729 del
1666 2711 1742 2736 1114.
1939 2711 1974 2738 30

59 2742 102 2766 v.
111 2739 221 2775 619)=
230 2741 396 2773 vituperium
409 2740 449 2775 (1).
474 2741 510 2766 D
524 2748 592 2766 avea
607 2741 701 2766 forse
694 2749 724 2766 m
738 2743 831 2767 mente
843 2741 958 2767 l'Alter-
1101 2751 1128 2768 v.
1146 2743 1255 2775 ⁶12-13)
1274 2744 1415 2769 Mantova
1433 2752 1480 2769 era
1500 2745 1591 2770 disesa
1609 2745 1674 2770 solo
1688 2746 1723 2771 da
1743 2754 1799 2771 una
1820 2746 1911 2779 panz-

59 2795 78 2808 ’τ
95 2783 132 2810 a'o
145 2783 216 2808 inter
234 2785 368 2810 Urbanum
381 2787 409 2809 et
424 2783 584 2808 Clementem
597 2784 713 2815 (Libelli
723 2785 756 2810 de
770 2783 873 2815 lite,11‚
889 2783 958 2818 169).
1013 2786 1085 2816 zata,
1103 2792 1149 2810 ma
1168 2786 1238 2819 ogni
1257 2786 1324 2818 palo
1343 2788 1458 2819 esigeva
1477 2795 1514 2812 un
1534 2779 1620 2813 uomo
1640 2790 1750 2813 armato
1769 2789 1803 2813 ed
1823 2789 1911 2814 anche

73 2819 74 2822 ¹
151 2834 178 2851 v.
197 2826 264 2860 598)
282 2825 390 2855 Questo
409 2827 552 2852 desiderio
571 2827 599 2851 di
622 2826 777 2852 Bonisacio
797 2827 899 2852 d’esser
919 2835 959 2852 se·
1014 2836 1029 2853 a
1048 2828 1112 2860 quel
1133 2828 1216 2853 modo
1236 2836 1345 2861 appena
1370 2829 1514 2863 impediva
1534 2830 1561 2854 al
1587 2832 1699 2855 nemico
1719 2831 1748 2855 di
1776 2831 1910 2862 vinceda,

60 2879 74 2896 1v
88 2867 144 2893 lto
163 2876 179 2893 a
198 2868 327 2894 Canossa
339 2867 354 2894 ὲ
373 2869 563 2894 eman-amente
583 2876 640 2894 una
658 2870 867 2902 supposizione
880 2869 909 2894 di
923 2870 958 2894 D.
1014 2870 1093 2895 Mun.

73 2922 100 2930 »a
129 2912 213 2943 poter
231 2911 386 2943 lmpostare
411 2912 639 2936 decorosamente
658 2911 687 2936 la
712 2918 762 2936 sua
782 2911 960 2937 discussione
1103 2921 1128 2937 v.
1147 2912 1210 2945 ⁶14)
1237 2913 1304 2938 Tria
1323 2916 1452 2945 tempora,
1471 2915 1513 2938 tre
1527 2916 1612 2946 annig
1632 2914 1760 2940 Canossa
1774 2916 1841 2940 vuol
1856 2924 1910 2941 con
1938 2924 1970 2951 35

58 2964 74 2995 φ’
113 2952 220 2986 logata,
238 2955 346 2978 mentre
364 2953 516 2979 Bonisacio
529 2953 567 2978 fin
581 2953 628 2979 dal
644 2960 711 2986 1045
726 2961 795 2979 avea
808 2956 959 2987 preparato
1014 2953 1061 2979 cio
1080 2962 1234 2980 accennare
1253 2955 1310 2980 alla
1329 2963 1378 2980 sua
1399 2957 1553 2981 resistenza
1573 2958 1728 2982 vittoriosa
1747 2959 1774 2983 al
1795 2958 1849 2983 due
1867 2966 1909 2984 as-

65 2993 88 3021 u
106 3002 156 3020 suo
176 2995 306 3028 sepolcro
326 2996 402 3021 nella
421 2996 576 3021 cattedrale
595 2996 625 3020 di
644 2996 784 3021 Mantova
803 2996 930 3022 dotando
944 3004 959 3021 a
1014 2997 1074 3022 sedi
1093 2998 1122 3022 di
1143 2999 1185 3022 tre
1205 2998 1273 3022 anni
1293 2999 1443 3028 ciascun03
1463 2999 1500 3024 cf.
1519 3006 1579 3031 cap.
1600 3007 1633 3029 11,
1653 2999 1684 3024 L.
1705 3000 1726 3024 Ι.

59 3038 164 3062 ¹¹·uento
183 3044 270 3070 scopo
290 3038 317 3063 la
337 3037 431 3063 chiesa
450 3036 498 3071 (cf.
514 3038 619 3068 Facu,
633 3042 673 3070 op.
693 3039 747 3068 cit„
761 3037 795 3070 11,
809 3037 863 3070 9¹)·
895 3038 957 3071 Egli
1103 3048 1129 3065 v.
1149 3039 1212 3070 619)
1230 3041 1327 3071 scrobs,
1347 3040 1432 3065 fossa.
