2288 3476
778 200 1113 238 PREFAZIONE
1753 199 1866 235 XLV

12 333 129 368 'otta
158 333 309 367 credere
339 331 408 366 che
435 330 460 364 il
488 329 731 376 compilatore
759 340 890 364 avesse
910 328 1001 363 altre
1029 328 1123 362 fonti
1151 327 1221 362 alla
1248 338 1374 370 mano,
1394 339 1413 361 e
1433 326 1559 372 quindi
1586 326 1610 360 il
1639 327 1791 361 metodo
1820 327 1867 360 da

12 392 32 441 ,ξ’
62 400 73 434 1
100 399 248 446 seguito
276 410 296 432 e
324 398 348 432 il
376 397 504 433 valore
533 398 582 431 da
610 398 699 431 dare
727 396 796 430 alle
825 396 1052 442 divergenze
1081 396 1129 429 da
1157 393 1357 429 Donizone
1386 398 1537 428 restano
1568 393 1723 428 chiariti.

12 447 35 516 ¹⁴
109 465 307 512 Riguardo
336 463 408 498 allo
437 469 556 498 stesso
586 462 865 506 avvenimento,
894 461 1069 496 Arduino
1089 462 1125 495 di
1145 460 1299 504 Palude‚
1328 460 1352 494 il
1380 472 1504 495 messo
1533 461 1569 494 di
1597 459 1754 494 Matilde
1784 460 1866 502 che,

62 533 186 568 condo
214 531 426 574 Donizone,
454 530 593 565 ottiene
613 529 647 563 la
675 529 899 563 liberazione
927 529 986 563 dei
1006 528 1175 563 Vescovi
1205 527 1390 571 catturati‚
1420 528 1440 562 ὲ
1467 532 1578 573 posto
1607 527 1662 561 fra
1690 527 1701 560 i
1729 526 1868 573 prigio-

15 598 124 642 'eri,
154 603 257 633 certo
277 609 344 643 per
372 609 463 632 aver
482 608 592 643 preso
612 597 635 630 il
658 598 732 641 pro
758 594 899 642 quibus.
917 620 926 630 .
945 622 952 629 .
971 622 978 629 .
1009 592 1242 644 (alloquitur)
1264 606 1330 640 per
1348 606 1398 629 un
1418 593 1456 628 in
1475 594 1618 640 quibus.
1661 593 1726 628 Ma
1747 593 1867 628 anche

19 665 30 680 ¹
61 677 132 701 nza
168 664 275 699 voler
311 664 533 698 sottilizzare
562 663 591 697 si
628 663 810 708 potrebbe
839 668 990 696 trovare
1018 673 1091 696 una
1128 662 1296 707 quantita
1333 661 1369 695 di
1407 661 1498 695 altre
1535 661 1759 695 inesattezze
1798 660 1866 695 che

14 732 253 780 0331013110
282 731 304 764 11
334 735 515 765 racconto
543 730 578 763 di
608 729 832 763 Donizone:
855 740 902 763 ne
931 728 1048 763 011010
1068 739 1207 762 ancora
1236 728 1380 762 alcune.
1436 728 1608 762 Beatrice
1627 728 1647 762 ὲ
1667 730 1770 762 detto
1800 727 1868 762 che

79 798 275 834 chiamava
303 798 422 832 anche
450 796 619 840 Matilde,
647 801 790 830 mentre
819 797 866 829 da
894 795 1092 829 Donizone
1120 794 1277 829 Matilde
1306 795 1325 828 ὲ
1354 797 1457 829 detta
1493 806 1560 829 sua
1595 796 1735 829 madre.
1792 794 1866 828 En-

13 854 100 916 {ico
127 864 184 900 IV
213 865 322 899 viene
351 868 533 898 coronato
561 865 609 897 da
636 874 732 908 papa
760 861 910 897 Vittore
938 861 1005 905 ΙΙΙ,
1025 873 1044 896 0
1064 861 1197 896 invece
1225 861 1248 895 il
1276 873 1412 908 poema
1431 862 1513 896 dice
1541 862 1604 908 piu
1625 866 1868 896 esattamente

68 944 88 967 e
126 931 150 966 il
178 943 275 978 papa
319 930 517 965 “laudavit
556 926 770 977 (wafarmb)
809 940 936 975 regem
974 934 1214 974 recentem„.
1271 928 1484 973 Donizone,
1523 931 1624 975 dopo
1661 929 1696 963 la
1734 930 1869 963 caduta

15 995 117 1035 ,ella
143 1009 257 1034 rocca
275 997 312 1032 di
331 997 517 1042 Minerve‚
546 1007 655 1031 narra
684 996 753 1030 che
781 995 938 1030 Matilde
966 996 1071 1030 tento
1108 995 1144 1029 di
1182 997 1427 1041 sorprendere
1455 996 1478 1029 il
1508 1007 1546 1030 re
1576 996 1644 1030 che
1674 1007 1735 1030 era
1764 995 1867 1041 quasi

16 1065 30 1112 2
61 1077 132 1100 nza
159 1065 312 1100 milizie:
342 1064 529 1110 l'epitome
558 1064 690 1098 invece
720 1062 934 1097 attribuisce
964 1061 1184 1108 all'impresa
1211 1062 1235 1095 il
1264 1062 1335 1096 fine
1363 1063 1400 1096 di
1429 1062 1640 1108 ricuperare
1669 1062 1704 1096 la
1733 1073 1866 1096 rocca:

16 1132 259 1184 kell’attacco
288 1136 388 1165 sotto
409 1130 578 1165 Canossa
597 1131 617 1164 e
637 1132 741 1164 detto
760 1129 820 1163 nel
840 1140 975 1175 poema
996 1129 1064 1163 che
1092 1129 1116 1162 il
1135 1127 1239 1175 figlio
1269 1128 1305 1163 di
1325 1128 1474 1164 Uberto
1495 1131 1613 1164 cadde
1642 1131 1690 1164 da
1719 1129 1866 1164 cavallo

34 1183 88 1235 ’01
115 1199 287 1234 schivare
315 1210 366 1232 un
394 1197 627 1245 giavellotto‚
656 1209 675 1231 e
705 1197 783 1231 cosi
812 1197 980 1242 perdette
1009 1195 1043 1230 13
1070 1195 1249 1230 bandiera
1276 1196 1483 1241 imperiale;
1504 1196 1754 1242 nell⁷epitome
1783 1196 1812 1230 si
1833 1196 1870 1230 fa

14 1249 100 1301 θλ’113
128 1265 348 1301 confusione
377 1264 411 1299 la
430 1264 539 1310 quale
566 1263 664 1298 nella
691 1262 862 1297 Veronese
890 1263 998 1297 viene
1019 1262 1173 1296 chiarita
1202 1263 1363 1297 facendo
1386 1263 1452 1297 che
1473 1263 1524 1297 sia
1554 1263 1686 1298 invece
1715 1262 1867 1298 l'alfiere

15 1315 41 1356 «¹
73 1345 93 1368 e
111 1332 201 1367 vuol
231 1331 370 1378 colpire
398 1343 449 1365 un
468 1331 630 1374 nemico,
652 1342 671 1364 e
700 1330 729 1364 si
749 1330 862 1364 lascia
883 1330 960 1364 cosi
981 1329 1147 1376 sfuggire
1166 1329 1201 1364 la
1228 1329 1421 1364 bandiera.
1478 1329 1553 1364 Nel
1583 1341 1664 1376 cap.
1695 1329 1788 1364 XIV
1808 1329 1867 1364 del

14 1419 70 1454 ξ.
89 1398 137 1442 II,
157 1410 224 1445 per
242 1398 374 1444 punire
393 1398 405 1431 i
427 1397 657 1444 Parmigiani
685 1397 779 1431 delle
808 1395 923 1431 offese
951 1396 984 1430 al
1006 1396 1193 1431 cardinale
1212 1395 1422 1439 Bernardo,
1452 1395 1609 1431 Matilde
1638 1396 1827 1442 raccoglie
1858 1396 1868 1429 i

16 1425 106 1525 ιδυσὶ
133 1465 283 1500 vassalli
312 1463 453 1513 (fortes
480 1462 638 1498 athletae
665 1464 748 1498 dice
776 1461 865 1511 D.):
896 1463 959 1509 qui
987 1463 1123 1498 invece
1150 1462 1308 1497 Matilde
1337 1463 1498 1498 riunisce
1527 1469 1661 1498 contro
1690 1463 1828 1497 Parma
1857 1463 1866 1496 i

16 1510 253 1598 ζὲ311111313111
281 1532 400 1566 stessi.
443 1530 560 1566 Forse
589 1542 683 1565 sono
713 1531 831 1565 errori
859 1530 918 1565 del
948 1530 1092 1576 copista
1121 1530 1145 1564 il
1174 1530 1361 1565 chiamare
1382 1530 1578 1565 Bernardo
1606 1529 1713 1565 abbas
1752 1529 1868 1564 Vallis

16 1582 197 1647 Zerboule,
225 1599 380 1634 anziche
407 1597 605 1642 umbrosae,
625 1610 648 1632 o
675 1596 878 1633 ambrosiae
896 1599 1063 1632 secondo
1084 1597 1106 1631 il
1126 1596 1320 1644 giochetto
1341 1598 1377 1632 di
1407 1597 1619 1641 Donizone,
1640 1599 1685 1632 ed
1706 1597 1826 1631 anche
1845 1596 1869 1630 il

71 1667 209 1718 iarnare
238 1666 262 1700 il
290 1665 493 1701 cardinalis
520 1665 625 1700 albus
646 1664 752 1713 (Ugo
772 1665 809 1699 di
830 1664 981 1699 Lorena
1009 1664 1068 1699 del
1089 1676 1124 1699 v.
1153 1662 1262 1708 1278,
1292 1664 1322 1711 Ι)
1350 1663 1553 1700 cardinalis
1571 1664 1689 1704 abbas,
1712 1675 1772 1698 ma
1791 1676 1868 1698 non

44 1719 218 1769 {escluso
252 1732 321 1768 che
350 1733 455 1768 siano
493 1731 796 1778 interpretazioni
825 1731 1018 1766 arbitrarie
1055 1733 1140 1765 date
1178 1731 1514 1778 dall’epitomatore
1544 1743 1565 1766 a
1593 1732 1691 1777 passi
1721 1743 1791 1777 per
1818 1731 1868 1765 lui

15 1826 18 1833 ,
51 1813 100 1840 „n
129 1800 258 1835 chiari.

111 1866 216 1902 Ecco
245 1866 384 1901 l'inizio
413 1866 514 1913 degli
543 1865 681 1901 Actus:

600 1987 779 2030 Incipiunt
800 1991 896 2020 actus
918 1987 990 2019 sive
1010 1991 1114 2030 gesta
1143 1987 1310 2019 Matildaek.

16 2101 18 2110 ,,
113 2072 309 2118 sigifredus
331 2073 460 2116 primus
483 2073 550 2105 fuit
573 2073 617 2105 de
642 2072 807 2105 comitatu
829 2072 979 2104 Lucensi
1004 2077 1038 2104 et
1067 2072 1241 2104 transtulit
1273 2071 1522 2105 habitationem
1555 2082 1649 2103 suam
1673 2071 1709 2103 in
1736 2070 1871 2113 episco-

16 2114 109 2173 ᾖε111
131 2126 252 2170 Regii:
277 2127 337 2159 hic
360 2126 480 2162 habuit
502 2126 610 2158 filium
635 2125 800 2158 Attonem
825 2126 934 2158 virum
958 2125 1115 2168 probum,
1139 2132 1173 2158 et
1202 2131 1376 2158 strenuum
1402 2132 1436 2158 et
1459 2126 1649 2169 egregium.
1696 2125 1762 2157 Hic
1785 2123 1869 2157 Atto

23 2176 144 2223 habuit
166 2180 252 2213 duos
274 2179 362 2213 filios
384 2178 600 2223 Sigifredum
625 2185 659 2211 et
681 2179 785 2211 alium
812 2177 985 2221 Attonem‚
1009 2179 1069 2221 qui
1084 2178 1152 2211 alio
1168 2179 1306 2211 nomine
1330 2178 1592 2222 cognominatus
1616 2184 1667 2210 081
1682 2177 1869 2211 Gerardus.

25 2213 93 2276 {te
118 2233 314 2278 Sigifredus
335 2233 430 2265 venit
454 2233 488 2264 in
506 2232 751 2265 Lombardiam
766 2238 804 2264 ut
818 2231 976 2274 predixi·
991 2238 1069 2274 post
1091 2237 1237 2264 mortem
1261 2231 1445 2275 Sigifredi,
1470 2231 1596 2264 fratres
1619 2231 1770 2273 predicti
1787 2230 1870 2263 divi·

24 2284 142 2334 ‘arunt
163 2296 201 2319 80
224 2292 258 2318 01
280 2285 403 2318 Parme
420 2285 491 2318 sive
508 2285 542 2318 in
559 2285 699 2318 civitate
715 2285 840 2318 Parme
856 2296 953 2318 suum
970 2284 1179 2317 domicilium
1196 2290 1230 2317 et
1245 2283 1495 2317 habitationem
1511 2284 1772 2317 constituerunt.
1817 2284 1871 2316 De

25 2339 146 2388 maiori
168 2340 240 2371 nati
263 2345 340 2371 811111
362 2337 480 2371 Barati
502 2339 546 2371 de
571 2338 714 2370 Parma:
738 2338 782 2370 de
799 2338 924 2370 minori
939 2338 1013 2370 nati
1028 2343 1107 2370 sunt
1124 2336 1268 2370 Giberti.
1314 2337 1362 2370 At
1378 2336 1462 2370 Atto
1486 2347 1601 2369 0011108
1624 2336 1732 2380 1113318
1748 2336 1873 2380 opibus

26 2392 145 2438 §tex-it,
169 2398 204 2424 et
226 2391 301 2434 ipse
325 2390 409 2424 Atto
433 2391 614 2434 aspiciens,
638 2391 771 2424 silicem
794 2391 866 2423 sive
891 2391 1043 2433 lapidem
1066 2390 1194 2423 montis
1217 2391 1252 2423 in
1268 2401 1339 2433 quo
1362 2391 1466 2423 modo
1491 2397 1542 2423 est
1566 2390 1719 2423 Canossa
1741 2390 1869 2422 nudam

18 2457 48 2492 '13
81 2445 352 2486 inhabitabilem,
375 2444 424 2477 ibi
448 2444 533 2477 fecit
554 2450 703 2477 castrum
728 2444 812 2477 mire
837 2444 1051 2476 fortitudinis
1067 2450 1102 2476 et
1124 2443 1400 2486 pulchritudinis,
1424 2444 1518 2486 quod
1535 2454 1604 2476 non
1621 2442 1765 2475 timebat
1780 2442 1870 2476 obsi-

26 2493 175 2540 ᾥο110111,
207 2504 241 2530 01
263 2498 332 2530 1100
356 2503 506 2530 castrum
530 2497 748 2530 aedificatum
772 2497 839 2529 fuit
862 2502 1019 2538 tempore
1044 2495 1247 2539 Berengerii
1270 2497 1361 2540 regis
1384 2502 1419 2528 et
1442 2496 1501 2529 filii
1527 2497 1599 2529 eius
1626 2506 1745 2539 regum
1777 2495 1871 2528 Lon-

26 2550 259 2584 'obardorum
283 2557 318 2584 et
340 2551 384 2583 de
407 2561 523 2583 eorum
547 2551 737 2583 voluntate.

32 2598 49 2646 1
115 2604 218 2647 Cepit
239 2605 410 2647 imperare
433 2614 524 2636 anno
548 2604 679 2636 domini
702 2603 981 2647 nonagintesimo
1003 2603 1181 2647 trigesimo
1203 2604 1325 2646 primo,
1349 2603 1530 2645 imperavit
1553 2603 1653 2635 annis
1676 2609 1768 2636 octo.

27 2644 55 2719 ξ
114 2658 199 2691 0113
221 2664 336 2690 tamen
360 2657 535 2689 discordia
558 2658 647 2690 inter
669 2667 790 2701 regem
807 2663 841 2690 et
857 2657 1053 2700 predictum
1078 2657 1255 2696 Attonem,
1279 2657 1391 2689 dictus
1406 2667 1468 2688 rex
1491 2656 1723 2700 Berengerius
1739 2657 1870 2689 dictum

89 2717 175 2744 trum
200 2710 334 2744 obsedit
356 2710 502 2742 viriliter
524 2716 558 2742 et
580 2716 742 2753 potenter
765 2716 799 2742 et
822 2710 929 2743 nichil
954 2710 1074 2742 Attoni
1098 2720 1227 2743 nocere
1249 2710 1372 2752 potuit,
1395 2716 1431 2742 et
1446 2716 1524 2751 post
1539 2715 1685 2742 mortem
1702 2709 1788 2742 dicti
1805 2710 1870 2742 Be-

28 2701 179 2810 {ssgern
201 2763 359 2808 regnavit
382 2763 469 2795 filius
492 2763 566 2795 01118
590 2763 765 2796 Lottarius
787 2763 927 2806 sapiens
950 2769 983 2795 et
1006 2763 1134 2805 probus
1157 2763 1286 2795 amicus
1310 2763 1446 2795 Attonis
1470 2763 1581 2795 extitit
1606 2768 1640 2794 et
1657 2763 1783 2795 coniux
1798 2764 1873 2796 eius

31 2808 154 2858 {iocata
177 2817 244 2849 fuit
268 2816 431 2850 Adeleta.

31 2856 59 2922 31,
117 2870 219 2913 Cepit
240 2870 411 2913 imperare
435 2869 533 2902 annis
557 2869 685 2902 domini
707 2869 904 2912 nonagintis
927 2868 1159 2912 quadraginta
1181 2879 1254 2911 sex,
1278 2868 1463 2911 imperavit
1480 2875 1593 2901 autem
1610 2869 1708 2901 annis
1725 2869 1870 2902 duobus.

30 2911 57 2950 ¹¹-
118 2923 202 2956 Post
223 2923 285 2956 hon
307 2923 468 2967 regnavit
490 2922 570 2966 Ugo
593 2933 655 2954 rex
678 2922 990 2966 Longobardorum
1014 2922 1059 2953 de
1089 2927 1192 2965 gente
1223 2921 1438 2966 Alobrogum
1470 2928 1580 2962 natus,
1604 2927 1639 2954 et
1670 2928 1747 2965 post
1777 2923 1870 2956 hunc

104 2976 190 3009 avit
212 2975 444 3020 Berengerius
467 2985 514 3011 ex.
535 2975 786 3019 Longobardis.
