2288 3476
218 827 294 850 Mum,
308 828 349 851 ⁴80

218 2258 293 2282 Μυιιη
308 2259 346 2282 ⁴81

424 349 439 365 ¹⁴
457 350 523 388 fiat,
548 355 582 380 et
604 349 639 380 in
663 354 816 380 extremo
840 348 998 380 exanime
1022 347 1201 380 districtae
1231 347 1355 379 ultioni
1386 348 1570 381 subiaceat.
1615 348 1758 382 Cunctis
1781 354 1894 382 autem
1917 349 2028 383 eidem
2051 350 2130 384 loco
2152 351 2179 395 j·

424 402 438 418 “
453 402 681 435 servientibus
711 402 754 433 sit
776 412 843 443 pax
866 401 1005 434 Domini
1029 401 1139 433 nostri
1169 401 1288 433 Yhesu
1312 401 1457 439 Christi3
1489 408 1658 444 quatenus
1680 407 1716 435 et
1739 402 1796 435 hic
1819 404 1952 436 fructus
1978 404 2069 437 bone
2100 404 2206 437 acti·-

423 454 438 472 “
452 455 648 497 percipiant
669 460 705 486 et
727 455 820 496 apud
843 454 1032 486 districtum
1055 454 1206 498 judicem
1230 454 1363 496 premia
1385 460 1503 488 eterne
1527 455 1624 497 pacis
1645 456 1834 488 inveniant.
1880 455 1992 490 Amen
2008 480 2036 498 „.
2205 455 2207 459 ’

511 554 559 584 12.
578 570 618 575 -
635 551 847 584 Grosulanus
863 557 976 583 autem
994 557 1028 583 et
1044 551 1116 583 eius
1132 551 1233 583 turba
1249 551 1294 584 ad
1310 552 1402 583 hanc
1424 552 1650 595 apostolicam
1673 553 1897 585 monitionem
1921 563 2032 597 neque
2056 554 2101 586 ad
2124 555 2209 588 mul

420 605 584 638 nobilium
608 605 757 636 virorum
781 614 914 646 preces,
938 614 1001 645 pro
1025 604 1219 646 presbitero
1243 604 1422 646 Liprando
1453 605 1558 643 fusas,
1588 605 1758 648 respexit;
1789 607 1852 639 sed
1883 606 2026 648 cupiens
2047 606 2145 639 subv·
2211 643 2214 645 ,

417 659 523 696 illum,
546 658 611 690 sibi
636 657 815 695 laboravit,
838 662 875 689 ut
899 658 1082 700 episcopos
1105 662 1139 690 et
1163 658 1341 700 principes
1356 657 1623 700 Langobardiae
1646 665 1880 692 commoveret
1904 665 1938 692 et
1952 669 2031 692 cum
2054 659 2138 702 ipsis
2159 648 2215 697 sia?

419 712 499 744 dum
525 710 720 744 celebraret
732 710 752 743 ¹.
801 710 911 753 Hujus
932 711 1045 743 sinodi
1061 717 1196 752 tempus
1212 711 1292 743 dum
1308 711 1615 754 appropinquaret,
1633 717 1668 744 et
1685 711 1869 744 multorum
1885 712 2061 745 hominum
2083 718 2209 746 tumn

418 766 524 796 multa
547 764 661 806 turpia
683 764 849 796 adversus
866 764 1093 796 Grosulanum
1110 764 1350 803 tumultuabat,
1366 770 1400 796 et
1416 764 1627 797 Grosulanus
1643 765 1689 797 ad
1705 765 1997 807 compescendum
2012 766 2108 798 illum
2123 759 2210 799 tum?

419 823 501 856 tum,
525 817 621 860 quasi
644 818 681 848 in
704 817 815 859 prima
837 817 956 860 vigilia
978 817 1162 849 cuiuslibet
1185 818 1357 850 autentice
1371 817 1383 834 ²
1400 818 1510 850 noctis
1532 818 1735 851 matutinum
1759 818 1896 860 pulsare
1919 817 2030 857 fecit,'
2053 825 2088 852 et
2109 829 2177 862 gen
2202 843 2210 847 ⁷
2260 849 2262 852 .

418 871 560 903 multam
584 877 651 903 tam
675 881 739 913 per
754 881 790 903 se
807 881 908 913 quam
930 880 993 912 per
1009 881 1087 903 suos
1103 871 1301 903 sacerdotes
1317 877 1351 903 et
1365 870 1548 910 ministros,
1564 871 1747 904 occasione
1772 871 1928 904 matutini
1951 871 2079 913 habita,
2102 883 2170 905 con
2204 885 2215 909 ζ

418 924 526 968 gavit.
572 923 687 967 Atque
711 924 878 956 matutino
902 930 1055 963 cantato,
1078 925 1185 956 multo
1208 924 1338 966 populo
1362 935 1478 957 coram
1501 925 1576 967 ipso
1599 930 1803 964 convocato,
1820 925 1864 958 de
1887 925 2046 968 passione
2068 925 2225 959 Christi*

415 978 589 1020 proditore
612 978 699 1010 Iuda
722 977 892 1020 prolixum
915 987 1110 1010 sermonem
1135 977 1234 1016 fecit,
1258 983 1293 1010 et
1314 988 1375 1010 sue
1400 978 1503 1011 cause
1527 979 1638 1020 ipsum
1661 989 1851 1011 sermonem
1876 979 2062 1022 coaptavit,
2084 972 2188 1023 atque
2224 1020 2225 1024 Ἰ

415 1031 483 1062 fine
507 1031 557 1063 sui
581 1031 750 1063 sermonis
773 1042 877 1073 super
892 1037 1011 1063 sancta
1026 1031 1091 1063 Dei
1107 1029 1311 1074 evangelia‚'
1334 1031 1428 1064 nullo
1444 1031 1692 1074 interrogante,
1715 1032 1856 1074 publice
1879 1032 2020 1075 juravit,
2035 1033 2130 1075 quod
2144 1043 2167 1064 a
2188 1048 2195 1061 ·
2214 1039 2221 1066 ἲ

417 1095 484 1126 qua
508 1094 666 1128 egressus
687 1090 738 1117 est
761 1085 804 1117 de
827 1090 925 1117 utero
949 1084 1077 1121 matris,
1101 1084 1327 1126 pollutionem
1350 1094 1420 1118 non
1442 1085 1530 1117 fecit
1554 1091 1589 1117 et
1611 1095 1754 1118 carnem
1782 1096 1878 1117 suam
1901 1095 1970 1117 non
2001 1085 2187 1129 coinquina
2217 1094 2223 1108 ³

417 1137 582 1169 Arialdus
604 1147 701 1177 vero,
723 1138 920 1170 monasterii
943 1137 1055 1170 sancti
1078 1137 1224 1170 Dionisii
1247 1138 1363 1176 abbas,
1387 1144 1422 1170 et
1445 1138 1575 1176 Guazo,
1598 1138 1656 1180 qui
1688 1138 1952 1181 cognominatur
1974 1138 2018 1171 de
2048 1138 2171 1176 orreo,
2216 1180 2217 1185 1

415 1190 526 1232 ipsum
549 1190 698 1234 jurando
721 1191 953 1223 firmaverunt.
1000 1191 1044 1223 Et
1067 1201 1147 1223 mox
1171 1190 1384 1223 Grosulanus
1406 1191 1535 1234 adjecit
1558 1191 1698 1224 dicens:
1720 1193 1734 1209 “
1749 1191 1785 1224 Si
1802 1190 1879 1234 quis
1901 1191 1974 1224 vult
1995 1191 2176 1225 adversum
2202 1209 2216 1220 n
2264 1194 2267 1204 ⁴

423 1244 571 1276 “dicere
595 1244 740 1287 aliquid,
763 1254 855 1276 nunc
880 1244 984 1277 dicat.
1030 1245 1135 1283 Quod
1158 1244 1185 1276 si
1208 1244 1311 1277 modo
1335 1244 1480 1276 tacuerit
1502 1244 1648 1287 amplius
1664 1245 1847 1277 adversum
1865 1255 1920 1276 me
1942 1244 2155 1278 audientiam
2177 1254 2229 1281 'm
2265 1251 2267 1272 ἲ

423 1296 634 1337 “habebit,‚.
679 1297 758 1329 Hoc
781 1308 858 1329 cum
884 1297 1074 1338 presbitero
1098 1297 1275 1340 Liprando
1299 1298 1532 1330 renuntiatum
1556 1297 1633 1336 fuit,
1657 1304 1691 1330 et
1705 1298 1780 1340 ipse
1803 1297 1921 1340 plures
1943 1297 2041 1330 cives
2063 1298 2109 1331 ad
2131 1298 2229 1339 eccla
2266 1313 2268 1316 >

415 1351 500 1382 siam
523 1350 633 1383 sancti
656 1350 755 1382 Pauli
779 1351 917 1383 vocavit
939 1350 975 1382 in
998 1350 1064 1383 die.
1112 1349 1247 1388 Quibus
1271 1350 1370 1383 dixit:
1400 1350 1564 1383 “Videtis
1586 1360 1642 1383 me
1657 1351 1845 1383 abscissum
1869 1361 1953 1383 naso
1977 1357 2013 1384 et
2027 1351 2166 1384 auribus
2189 1367 2197 1379 ·
2216 1370 2222 1380 ι

421 1405 435 1421 “
449 1404 589 1436 nomine
605 1404 750 1441 Christi;
774 1404 867 1436 unde
882 1403 989 1436 michi
1006 1414 1132 1447 magna
1154 1403 1337 1436 retributio
1361 1410 1412 1436 est
1428 1404 1608 1446 promissa,
1624 1404 1652 1435 si
1668 1404 1705 1436 in
1722 1405 1824 1436 finem
1847 1413 2129 1446 perseveravero.
2176 1405 2227 1437 Ρ
2267 1413 2269 1421 ⁴

417 1456 432 1473 ‘⁴
447 1467 564 1489 amore
585 1457 700 1500 itaque
724 1457 850 1489 Christi
874 1463 1057 1499 vestraque
1080 1457 1188 1489 salute
1213 1462 1248 1489 et
1270 1467 1358 1498 pace
1382 1467 1469 1500 rogo
1492 1467 1553 1489 vos
1576 1462 1613 1489 ut
1636 1457 1682 1490 ad
1704 1467 1759 1489 me
1782 1463 1819 1490 et
1841 1467 1893 1496 ea,
1909 1468 1976 1500 que
1999 1457 2099 1490 vobis
2114 1458 2225 1491 dixer
2267 1477 2270 1488 κ,

420 1510 632 1542 “intendatis
645 1534 674 1550 „.
721 1510 766 1542 Et
787 1521 866 1542 cum
882 1511 950 1543 hec
971 1516 1007 1542 et
1023 1510 1123 1552 plura
1146 1509 1234 1542 bene
1250 1508 1345 1542 dicta
1367 1510 1526 1552 beneque
1549 1511 1707 1543 sonantia
1729 1511 1912 1552 presertim
1929 1511 2110 1544 adversum
2132 1521 2231 1556 symw

415 1563 507 1595 niam
524 1561 676 1601 dixisset,
691 1564 871 1605 proposuit
894 1563 1033 1596 dicens:
1061 1565 1076 1581 ‘⁴
1090 1562 1313 1601 Grosulanus,
1338 1563 1396 1606 qui
1413 1574 1475 1606 pro
1491 1563 1756 1606 archiepiscopo
1779 1570 1927 1602 tenetur,
1943 1569 1996 1596 est
2010 1563 2233 1598 simoniachv

420 1617 490 1648 “de
513 1616 814 1659 archiepiscopatu
844 1616 1104 1648 Mediolanensi
1127 1626 1190 1658 per
1212 1627 1334 1648 munus
1356 1627 1377 1648 a
1400 1627 1515 1655 manu,
1537 1627 1600 1658 per
1623 1627 1746 1648 munus
1769 1627 1789 1648 a
1814 1616 1941 1659 lingua,
1971 1627 2035 1659 per
2055 1627 2179 1651 munus
2199 1608 2238 1655 as
2268 1649 2270 1660 A

421 1669 436 1687 ‘⁴
449 1670 615 1713 obsequio
628 1694 642 1710 „
661 1669 683 1702 ³.
729 1670 774 1703 Et
796 1681 874 1702 cum
897 1671 964 1702 hoc
988 1670 1025 1702 in
1047 1680 1108 1701 suo
1125 1669 1306 1711 proposito
1321 1670 1538 1712 procederet,
1562 1670 1739 1712 sepissime
1762 1670 1942 1703 ortabatur
1957 1680 2086 1710 omnes,
2101 1677 2140 1703 ut
2162 1681 2198 1704 c
2214 1688 2233 1704 ι,
2268 1674 2270 1686 ³

414 1723 574 1755 venirent
596 1724 640 1755 ad
663 1733 778 1755 veram
802 1722 1035 1767 cognitionem
1059 1722 1159 1765 hujus
1181 1723 1351 1765 propositi
1375 1734 1437 1765 per
1461 1723 1615 1755 divinum
1638 1723 1805 1756 iudicium
1819 1725 1842 1762 ⁴,
1865 1723 2094 1766 adprobatum
2115 1724 2152 1757 in
2173 1723 2226 1757 vi·
2268 1764 2271 1771 4

413 1777 470 1808 vel
486 1782 595 1809 morte
617 1787 689 1814 sua,
713 1776 932 1808 manifestata
948 1786 1010 1818 per
1024 1776 1147 1818 ipsum.
1193 1775 1266 1808 Sed
1290 1775 1475 1808 Grosulani
1491 1776 1591 1808 turba
1607 1777 1674 1808 hoc
1691 1776 1917 1818 perturbabat
1939 1777 2144 1810 auctoritate
2157 1787 2198 1821 p
2215 1794 2232 1812 ιι.
2269 1774 2271 1778 ’

411 1830 556 1867 tificum‚
580 1830 639 1872 qui
663 1830 899 1863 Mediolanum
922 1835 1090 1862 venerant
1112 1830 1159 1862 ad
1183 1828 1431 1862 celebrandum
1454 1830 1613 1862 sinodum
1637 1840 1714 1862 cum
1739 1829 1946 1863 Grosulano.
2224 1827 2226 1829 ¹

522 1928 572 1959 13.
596 1945 636 1950 -
655 1926 784 1959 Verum
800 1933 915 1959 tamen
932 1927 1105 1968 presbiter
1117 1927 1192 1969 ipse
1209 1927 1374 1959 adversos
1398 1927 1583 1969 episcopos
1598 1926 1787 1968 disputans,
1809 1927 1998 1960 rationibus
2021 1934 2058 1961 et
2078 1938 2204 1972 exemp
2227 1951 2235 1971 4

410 1991 506 2013 suam
521 1980 723 2012 sententiam
740 1980 900 2012 sustinuit
915 1989 981 2012 nec
998 1980 1136 2012 dimisit.
1183 1978 1397 2012 Grosulanus
1413 1990 1507 2019 vero,
1523 1979 1620 2022 parvi
1636 1980 1792 2022 pendens
1808 1980 1908 2023 hujus
1930 1980 2114 2023 presbiteri
2131 1991 2205 2014 ver·
2232 1997 2235 2015 s
2270 2002 2273 2021 3

411 2033 520 2066 veluti
543 2034 578 2065 in
600 2033 776 2076 presentia
792 2034 866 2065 eius
889 2043 958 2066 non
975 2038 1091 2065 essent
1113 2033 1248 2074 prolata
1271 2033 1428 2065 sinodum
1452 2044 1547 2065 suam
1564 2033 1598 2064 in
1613 2033 1764 2065 ecclesia
1787 2039 1906 2066 sancte
1932 2032 2056 2072 Marie,
2072 2044 2140 2077 que
2163 2034 2223 2067 di
2269 2043 2273 2046 ⁴

413 2093 470 2119 tur
484 2087 640 2131 yemalis,
663 2096 727 2129 per
751 2087 838 2118 duos
861 2087 937 2119 dies
961 2085 1135 2124 tractavit,
1158 2091 1263 2129 atque
1286 2086 1321 2117 in
1345 2087 1447 2118 tertia
1463 2086 1497 2118 in
1520 2092 1632 2129 prato,
1656 2086 1749 2128 quod
1772 2086 1901 2119 dicitur
1922 2087 2074 2120 brorium
2086 2087 2109 2126 ⁵,
2132 2098 2175 2120 co
2200 2101 2226 2115 2⁴-
2272 2103 2273 2108 ¹

412 2140 548 2173 infinita
571 2140 746 2172 hominum
770 2139 992 2171 multitudine
1017 2139 1113 2172 dedit
1142 2140 1349 2171 sententiam
1381 2139 1582 2181 deponendi
1612 2139 1789 2172 Andream
1821 2140 2053 2182 primicerium
2084 2147 2120 2173 et
2147 2140 2224 2174 alli*
2272 2165 2274 2173 ,

412 2194 622 2230 sacerdotes,
647 2203 733 2237 quos
756 2193 939 2225 Anselmus
956 2193 1000 2225 de
1015 2193 1130 2230 Rode,
1147 2192 1418 2225 Mediolanensis
1433 2192 1739 2235 Archiepiscopus,
1755 2199 1790 2225 et
1804 2205 1824 2225 a
1840 2193 1940 2238 Rege
1956 2193 2135 2226 Henricho
2150 2194 2200 2227 in
2217 2206 2232 2221 υ

410 2247 518 2284 stitus,
542 2246 727 2278 ordinavit.
773 2246 887 2285 Quam
911 2247 1118 2279 sententiam
1141 2245 1324 2278 multitudo
1356 2246 1442 2278 cleri
1467 2246 1563 2278 illico
1594 2252 1629 2278 et
1658 2247 1788 2288 populi,
1820 2253 1855 2280 et
1885 2257 1954 2280 non
1983 2247 2137 2280 multum'
2167 2251 2223 2291 ρι’
2273 2243 2275 2274 Ῑ

411 2301 484 2343 ipse
510 2298 687 2332 Paschalis
710 2309 803 2341 papa
825 2299 1003 2332 Romanus
1026 2299 1234 2341 contempsit
1245 2302 1266 2331 ⁶.
2226 2302 2228 2306 '

505 2398 552 2429 14.
578 2415 619 2420 --
642 2395 807 2428 Attamen
831 2396 1015 2429 Grosulani
1040 2396 1151 2435 turba,
1175 2396 1346 2429 dimicans
1376 2397 1541 2429 adversus
1572 2397 1822 2438 primicerium,
1851 2398 2063 2431 Landulfum
2092 2398 2222 2432 eiusd
2274 2406 2277 2435 ².

411 2451 598 2493 primicerii
622 2450 788 2482 clericum
812 2450 926 2492 lapide
950 2450 1094 2482 occidit.
1140 2450 1278 2482 Deinde
1310 2450 1407 2492 quasi
1438 2450 1472 2482 in
1503 2461 1674 2483 consensu
1704 2451 1809 2483 totius
1841 2451 1992 2484 civitatis
2023 2452 2150 2485 dictum

500 2571 524 2594 4.
545 2563 591 2588 IX.
610 2562 766 2594 Lipmndus
784 2561 902 2594 predicat
920 2561 1114 2586 Grossulanum
1132 2561 1310 2586 simoniacum
1330 2569 1393 2592 esse,
1411 2563 1435 2586 et
1453 2562 1482 2586 id
1493 2569 1520 2586 se
1538 2564 1585 2594 per
1602 2562 1674 2594 ignis
1692 2562 1824 2587 iudicium
1836 2563 2008 2595 probaturum
2026 2576 2062 2581 —
2074 2568 2116 2596 37.
2129 2563 2163 2589 X.
2194 2568 2198 2573 ¹
2225 2555 2232 2570 ³

413 2605 491 2630 sbiter
507 2604 663 2637 Liprandus
681 2606 729 2636 per
745 2604 833 2636 ignem
851 2603 974 2629 transivit
992 2603 1084 2629 illesus

499 2702 523 2726 4.
544 2692 745 2725 monitionem]
766 2693 954 2717 munitionem
973 2693 1002 2718 H
1021 2706 1054 2712 —
1073 2697 1164 2726 34-35.
1183 2692 1210 2717 ΙΙ
1227 2692 1309 2717 SASSI
1327 2693 1466 2725 profari-we
1485 2692 1512 2718 la
1528 2693 1625 2718 lesione
1645 2695 1797 2718 investltos
1816 2693 1845 2718 di
1867 2693 1893 2718 R

499 2794 507 2810 ¹
528 2794 635 2824 Questo
655 2795 759 2820 sinodo
779 2795 809 2819 su
829 2796 930 2820 tenuto
950 2796 980 2819 in
1006 2795 1116 2820 Milano
1143 2795 1219 2820 nella
1243 2796 1301 2828 pri-
1355 2795 1400 2819 del
1418 2796 1546 2828 giudizio
1571 2796 1599 2820 dl
1619 2796 1685 2820 Dio.
1721 2796 1842 2820 Intorno
1863 2796 1919 2820 alla
1944 2803 2034 2828 provs,
2058 2797 2108 2820 che
2133 2803 2178 2821 sar
2199 2808 2221 2816 ·
2267 2787 2275 2801 ÷-

411 2845 522 2863 mavera
542 2838 587 2862 del
610 2844 676 2870 1103
695 2837 743 2869 (cf.
763 2837 864 2866 Savm,
883 2845 910 2870 p.
929 2837 1002 2869 466).
1356 2839 1497 2862 avvenuta
1512 2846 1526 2862 a
1539 2837 1651 2862 Milano
1664 2838 1689 2862 si
1702 2838 1851 2863 ricordino
1864 2838 1891 2862 le
1903 2838 2095 2863 osservazlonl
2109 2844 2197 2870 prem
2214 2833 2231 2865 ,⁷

499 2878 510 2895 ²
530 2879 569 2904 La
588 2881 741 2904 settimana
759 2881 839 2904 santa
860 2880 946 2904 dicesi
966 2879 1122 2904 authentica.
1357 2880 1432 2905 nella
1451 2881 1732 2906 Introduzione.
2189 2908 2192 2911 ,

498 2920 509 2937 ³
529 2922 662 2946 Formule
682 2922 852 2947 scolastlche
871 2922 921 2947 che
944 2923 1080 2947 indicano
1106 2923 1174 2954 ogni
1200 2929 1301 2954 genere
1444 2921 1455 2938 ⁵
1472 2923 1571 2947 Brolio
1592 2922 1737 2956 (frutteto)
1756 2931 1774 2947 ο
1793 2925 1884 2956 prato.
1921 2923 2041 2948 Diverse
2059 2919 2175 2948 locsliti

411 2964 440 2988 di
465 2965 600 2988 simonia.
1357 2966 1405 2989 tro
1425 2973 1439 2989 e
1461 2965 1536 2989 fuori
1556 2965 1582 2989 le
1601 2973 1681 2990 mura
1699 2972 1786 2990 erano
1807 2965 1865 2990 cosi
1887 2965 2034 2991 chismate.

498 3005 509 3021 ⁴
528 3007 568 3031 La
586 3013 675 3040 prova
695 3006 740 3031 del
760 3007 847 3031 {uoco
866 3014 912 3031 era
939 3007 967 3032 la
992 3006 1041 3039 piix
1067 3014 1185 3031 comune
1211 3007 1303 3031 forma
1444 3006 1604 3039 “Pasquale
1614 3007 1641 3032 11
1654 3009 1683 3032 in
1696 3009 1806 3040 seguito
1820 3006 1939 3032 annullo
1949 3007 2043 3040 quella
2053 3007 2191 3040 depositi
2206 2997 2232 3028 „³
2272 3014 2276 3024 ¹
