2288 3476
1046 228 1177 264 VITA
1205 226 1500 264 MATHILDIS

652 366 703 392 4⁷5
750 352 873 395 Ipsius,
898 357 977 384 ante
1001 351 1095 383 diem
1117 349 1274 383 Paschae
1298 350 1381 383 dare
1406 351 1450 383 de
1474 360 1584 392 prope
1608 350 1748 393 quippe,

747 406 850 437 Tunc
875 404 969 447 quod
993 410 1067 436 erat
1090 404 1220 435 mundo
1244 402 1493 436 celebrandum
1517 413 1635 436 mense
1658 404 1833 442 secundm

750 457 963 491 Conscilium
988 457 1134 495 firmant,
1160 456 1268 490 Iudae
1291 461 1462 500 peragunt
1484 462 1519 488 et
1542 455 1587 489 ad
1609 457 1728 490 instar.

748 512 837 543 Nam
861 521 962 552 quam
986 515 1090 542 nocte
1113 510 1223 542 Deum
1247 509 1352 542 Iudas
1374 515 1547 543 mercator
1570 509 1683 543 Iesum

747 563 920 602 Tradidit,
943 564 1010 596 hac
1033 564 1110 605 ipsa
1132 562 1200 595 fuit
1222 563 1313 596 haec
1335 562 1417 595 urbs
1439 562 1586 596 Mantua
1610 564 1706 596 dicta

650 625 702 658 480
747 617 908 649 Tradita.
955 615 1027 649 Sed
1050 617 1131 648 dum
1155 626 1216 648 rex
1240 616 1348 649 intrat
1370 615 1522 649 crudelis
1545 616 1579 648 in
1602 616 1734 657 urbem,

747 671 900 702 Evasere
924 670 1063 713 quidem
1088 679 1253 712 proceres
1277 669 1437 702 dominae
1461 668 1675 709 Comitissae‚

748 723 905 756 Navibus
930 723 1077 756 extracti
1100 723 1252 766 propriis
1276 733 1354 755 cum
1376 722 1480 756 rebus
1503 729 1537 756 et
1561 723 1672 756 armis.

748 777 796 810 Ut
819 777 907 819 lapis
931 783 982 809 est
1006 777 1148 809 adamas
1171 777 1297 816 firmus,
1321 776 1370 810 sic
1394 776 1491 809 firma
1514 777 1676 810 ducatrix

750 831 788 862 In
813 830 918 862 tantis
941 830 1099 873 dampnis
1122 829 1342 863 venientibus
1365 830 1419 862 his
1442 835 1559 862 manet
1581 830 1692 863 annis.

650 892 701 925 485
748 884 805 916 Fit
829 889 959 916 tantum
984 883 1097 917 dictus
1120 883 1209 926 lapis
1234 883 1291 916 edi
1314 883 1483 928 sang-uine
1506 883 1633 916 scissus
1646 883 1670 922 ;'

182 955 201 970 ι.
217 952 241 970 ⁶1
748 938 830 970 Non
854 937 948 970 cedit
971 937 1141 980 dampnis,
1164 937 1262 969 susus
1284 937 1392 979 plicat
1414 937 1505 970 hanc
1529 947 1644 980 neque
1669 937 1819 982 sanguis.

749 991 837 1023 Nam
861 1001 965 1033 supra
988 997 1123 1033 petram
1148 991 1278 1022 firmam
1303 989 1452 1023 fundata
1475 990 1647 1029 manebat,

750 1044 964 1077 Fluminibus
987 1043 1079 1076 flecti
1103 1044 1224 1086 nequit
1245 1044 1389 1082 iccirco,
1412 1053 1524 1086 neque
1547 1044 1682 1082 ventis;

747 1097 851 1130 Anno
874 1097 1028 1135 milleno,
1051 1107 1236 1141 nonageno
1261 1107 1398 1141 quoque
1422 1097 1546 1140 primo,

651 1166 703 1192 490
749 1151 894 1184 Mantua
917 1149 1099 1189 sordescis,
1123 1151 1166 1183 de
1189 1150 1386 1193 proditione
1410 1150 1589 1192 nigrescis

613 1276 655 1309 V.
683 1276 894 1320 Objurgatio
917 1287 957 1309 ac
980 1277 1169 1313 detestatio,
1191 1287 1249 1308 seu
1273 1276 1384 1319 digna
1407 1276 1595 1309 exhortatio
1619 1281 1737 1309 contra
1760 1277 1950 1310 Mantuam.

839 1370 958 1404 Gloria
982 1376 1110 1414 quanta
1134 1370 1225 1403 foret
1249 1376 1374 1408 tecum,
1398 1371 1476 1413 quis
1500 1370 1642 1403 Mantua
1665 1377 1797 1409 noscet,

752 1424 950 1457 Prudenter
971 1429 1090 1466 portas
1113 1423 1284 1456 tenuisses
1307 1423 1334 1455 si
1357 1423 1462 1456 modo
1486 1423 1621 1456 clausas

749 1477 871 1522 Regi?
917 1477 991 1510 Iam
1014 1487 1142 1510 nomen
1166 1477 1274 1510 decus
1296 1483 1402 1520 atque
1424 1482 1519 1509 tuum
1541 1477 1665 1520 procul
1689 1487 1749 1510 ore

751 1532 941 1565 Multorum
964 1531 1057 1563 volvi
1079 1531 1155 1563 fere
1179 1537 1307 1563 cuncto
1332 1537 1496 1573 caeperat
1520 1530 1616 1568 orbi;

624 1594 628 1599 ·
651 1601 703 1627 495
750 1587 804 1619 Te
827 1586 956 1619 fortem
980 1594 1062 1617 vere
1085 1585 1288 1617 referebant
1309 1591 1344 1617 et
1367 1584 1589 1627 locupletem,

751 1640 805 1673 Ac
830 1639 936 1672 veluti
958 1637 1100 1671 Troiam
1124 1637 1314 1671 laudabant
1338 1644 1373 1670 te
1397 1638 1486 1676 fore,
1509 1638 1648 1681 longam

752 1693 839 1726 Cum
862 1693 960 1725 iuxta
982 1702 1115 1724 morem
1138 1693 1212 1724 fers
1233 1691 1328 1724 illius
1350 1692 1591 1730 obsidionem;

752 1747 856 1780 Cive·
879 1753 983 1789 atque
1006 1752 1092 1784 ῐιιοε,
1116 1745 1201 1778 forti
1224 1745 1268 1778 de
1291 1745 1458 1788 sanguine
1481 1746 1588 1784 fusos,

752 1800 872 1833 Italiae
895 1805 1042 1832 cunctae
1066 1798 1230 1831 dicebant
1250 1798 1406 1832 funditus
1428 1799 1543 1832 urbes.

653 1869 707 1895 500
752 1854 889 1887 Graeca
910 1853 1068 1896 Phryges
1092 1858 1203 1885 castra
1228 1863 1292 1885 ceu
1315 1852 1500 1896 quondam,
1523 1854 1573 1886 sic
1596 1854 1791 1887 Alemanna

752 1909 876 1942 Castra
899 1907 947 1940 tui
971 1907 1065 1939 cives
1088 1906 1179 1939 soliti
1203 1912 1282 1939 sunt
1306 1907 1433 1939 cedere
1458 1907 1610 1950 quippe3

755 1961 868 1995 Annis
890 1961 966 2003 ipsa
988 1961 1111 1994 decem
1135 1959 1352 1993 circumdata
1374 1959 1491 1999 Troia,
1514 1959 1667 2003 pateret'

183 2031 203 2047 ι.
218 2028 266 2046 σιν
752 2014 930 2058 Argolicis
952 2024 1139 2057 nunquam,
1162 2013 1230 2045 nisi
1252 2013 1393 2052 tradita,
1415 2019 1519 2046 nocte
1542 2020 1691 2057 perusta.

754 2068 786 2101 O
809 2068 901 2101 mala
922 2066 1079 2110 proditio
1102 2077 1191 2110 quae
1216 2066 1327 2099 celsos
1349 2067 1477 2110 mergis
1500 2067 1535 2099 in
1560 2069 1641 2107 imo,

444 2217 471 2234 v.
490 2208 553 2241 478)
573 2208 614 2234 La
634 2216 696 2234 resa
716 2216 843 2234 avvenne
869 2208 971 2241 quindi
998 2208 1074 2233 nella
1101 2209 1182 2232 notte
1207 2207 1252 2232 del
1309 2208 1462 2240 Augustam
1482 2208 1535 2239 (M.
1555 2208 1588 2233 G.
1609 2209 1654 2237 H„
1675 2209 1736 2238 SS.,
1756 2209 1803 2238 111,
1826 2209 1894 2242 133).

354 2249 472 2284 giovedi
492 2253 584 2280 santo,
604 2250 666 2277 cioe
685 2251 708 2275 il
732 2258 764 2276 10
777 2251 869 2284 aprile
885 2258 949 2283 1091
965 2248 1088 2285 (Pasqua
1102 2250 1133 2275 fu
1154 2250 1174 2274 il
1198 2249 1253 2282 13)=
1396 2258 1422 2274 v.
1441 2249 1504 2281 483)
1522 2249 1651 2274 Secondo
1669 2250 1784 2275 Isidoro
1804 2250 2014 2284 (Elymologiaae‚
2033 2250 2122 2282 XVII,
2143 2252 2205 2285 132)

355 2293 447 2328 aprile
466 2294 493 2318 al
513 2301 541 2319 v.
559 2292 613 2326 476
630 2292 645 2318 ὲ
664 2294 744 2318 detto
763 2293 785 2318 il
803 2293 928 2318 secondo
949 2299 1031 2318 mese.
1309 2293 1330 2316 il
1350 2292 1496 2317 diamante
1515 2292 1566 2316 che
1585 2293 1685 2318 resiste
1705 2293 1731 2317 al
1753 2294 1836 2318 suoco
1857 2295 1880 2318 si
1901 2301 2000 2327 spent.
2012 2301 2041 2319 se
2053 2291 2068 2320 ἕ
2080 2293 2205 2328 bngnnto

444 2343 471 2360 v.
490 2335 552 2367 481)
572 2334 678 2360 Guelfo
697 2342 750 2359 con
772 2336 781 2359 i
803 2335 866 2360 suoi
885 2335 1012 2359 lasciava
1030 2335 1059 2359 la
1078 2331 1149 2358 citta
1162 2335 1255 2367 prima
1308 2334 1352 2359 col
1365 2342 1472 2367 sangue
1490 2335 1520 2359 di
1533 2342 1572 2359 un
1592 2336 1722 2368 capretto
1744 2335 1970 2367 (ΡΑΝΝΕΝΒΟΚΘ,
1989 2340 2031 2369 op.
2044 2337 2099 2367 cit..
2111 2343 2138 2369 p.
2154 2334 2206 2370 η).
2254 2359 2276 2372 ἡ

313 2385 327 2410 5
356 2377 431 2403 della
450 2385 525 2403 resa:
546 2378 596 2403 che
614 2379 663 2411 poi
685 2379 693 2402 i
713 2377 884 2402 Mantovani
911 2377 1055 2402 volessero
1082 2384 1255 2410 conregnare
1307 2377 1428 2402 Matilde
1446 2377 1497 2401 che
1511 2379 1611 2402 resiste
1624 2386 1638 2402 e
1651 2379 1678 2402 ai
1694 2379 1784 2403 danni
1798 2386 1813 2402 e
1827 2379 1854 2403 al
1868 2386 1976 2412 sangue
1995 2377 2142 2409 versato&
2154 2376 2206 2413 plu

357 2420 391 2444 ad
411 2420 517 2445 Enrico
537 2420 625 2445 anche
644 2420 673 2445 la
692 2421 892 2453 guarnigione,
911 2418 926 2445 ὲ
945 2420 1020 2444 forse
1043 2427 1099 2444 una
1125 2420 1254 2453 supposi-
1308 2418 1388 2444 saldn
1402 2418 1447 2443 del
1462 2420 1617 2451 diamante,
1630 2419 1732 2453 perch'e
1748 2421 1866 2446 fondata
1881 2429 1912 2446 su
1925 2428 1982 2446 una
1995 2422 2089 2454 pietra
2101 2419 2165 2446 eioe
2177 2421 2205 2446 1⁸
2251 2413 2275 2454 ‘¹

356 2463 439 2487 zione
458 2462 489 2487 dl
507 2463 552 2492 D„
572 2471 616 2487 ma
635 2464 714 2487 certo
729 2470 777 2493 per
791 2463 813 2487 il
826 2469 856 2487 re
870 2462 984 2487 sarebbe
998 2463 1073 2487 stata
1086 2469 1143 2486 una
1155 2468 1254 2495 grossa
1309 2462 1372 2486 sede
1384 2468 1501 2486 romana
1512 2463 1650 2495 (accenno
1663 2462 1720 2488 alla
1732 2465 1800 2488 nota
1814 2464 1888 2488 frase
1903 2463 1932 2488 di
1949 2463 2047 2489 Cristo
2059 2471 2075 2489 ι
2084 2463 2205 2497 Pletro).
2249 2472 2252 2474 ’
2274 2490 2281 2502 ,

356 2504 442 2537 preda
470 2505 490 2529 il
515 2505 620 2530 marito
647 2505 677 2529 di
703 2504 824 2529 Matilde
859 2504 940 2536 figlio
966 2504 1012 2529 del
1038 2504 1109 2529 duca
1140 2503 1255 2529 Guelfo.
2278 2533 2279 2538 ¹

356 2547 441 2572 Dalle
459 2547 558 2580 parole
577 2547 607 2572 di
626 2547 660 2571 D.
687 2546 714 2579 (α
726 2547 842 2572 mandat
867 2546 1032 2580 saepissime
1052 2548 1206 2579 sumptus„
1227 2553 1255 2570 v.
1396 2544 1503 2574 Questa
1523 2548 1667 2572 invettiva
1686 2546 1700 2572 ὲ
1720 2547 1755 2572 da
1769 2555 1852 2580 porte
1872 2549 1902 2572 in
1917 2548 2062 2573 relazione
2075 2555 2130 2574 con
2142 2548 2204 2574 Pal·
2252 2551 2256 2554 '

298 2594 330 2612 ιο
356 2589 419 2623 469)
438 2597 452 2614 e
472 2590 548 2614 dalla
567 2590 712 2615 lnvettiva
731 2590 775 2614 del
789 2597 852 2623 cap.
871 2597 935 2622 seg„
949 2590 971 2614 si
987 2590 1098 2622 capisce
1111 2589 1161 2614 che
1173 2589 1253 2614 Man·
1308 2590 1351 2612 tra
1371 2588 1415 2612 del
1435 2596 1496 2621 cap.
1516 2589 1582 2613 VIII
1602 2590 1646 2614 del
1667 2590 1697 2614 L.
1717 2590 1739 2619 Ι,
1753 2591 1819 2615 anzi
1840 2592 1946 2622 questa,
1966 2598 2016 2623 per
2034 2589 2094 2615 cosi
2108 2589 2206 2622 dire&

357 2634 434 2662 tova,
454 2632 546 2657 difesa
565 2633 641 2657 dalle
661 2640 747 2665 acque
766 2632 811 2657 del
831 2632 898 2664 lago
917 2632 1208 2665 capprovvigionata
1221 2632 1255 2656 da
1307 2631 1335 2656 la
1355 2638 1420 2656 vera
1440 2632 1559 2664 ragione
1579 2633 1607 2657 di
1629 2633 1732 2665 quella,
1752 2632 1823 2663 cioe,
1841 2633 1916 2658 della
1935 2634 2079 2667 antipatit
2097 2633 2148 2658 che
2169 2633 2205 2658 D.
2254 2647 2258 2654 ·

357 2674 485 2703 Matilde,
505 2675 614 2700 cedette
633 2675 696 2700 solo
715 2682 764 2708 per
784 2675 811 2699 le
830 2682 973 2707 promesse
993 2675 1022 2699 dl
1041 2674 1155 2704 Enrico,
1173 2682 1188 2698 e
1207 2681 1257 2707 per
1307 2674 1343 2699 ha
1362 2682 1412 2708 per
1431 2674 1580 2704 Mantova,
1604 2683 1621 2700 o
1647 2674 1697 2708 piis
1722 2677 1926 2708 precisamente
1950 2676 2001 2701 che
2026 2676 2061 2701 D.
2086 2675 2206 2702 credevn
2250 2689 2253 2690 ν
2287 2676 2288 2686 ¹

360 2717 368 2740 i
384 2718 497 2741 rancori
517 2724 600 2742 verso
614 2717 636 2742 11
655 2724 784 2750 governo
805 2716 1009 2747 marchionale,
1029 2717 1079 2741 che
1091 2717 1114 2741 il
1128 2716 1255 2750 diploma
1308 2724 1405 2741 avesse
1423 2717 1552 2742 Matilde.
1590 2716 1633 2743 Ne
1650 2718 1771 2751 bisogna
1792 2719 1977 2743 dimenticare
1990 2718 2040 2743 che
2053 2719 2152 2750 questa
2163 2725 2206 2744 fle-
2271 2748 2274 2757 Ι

358 2758 403 2783 del
418 2764 450 2791 27
470 2759 578 2792 giugno
600 2766 658 2784 non
672 2767 741 2784 avea
755 2760 860 2792 potuto
874 2759 1005 2791 togliere.
1029 2759 1135 2784 Enrico
1155 2759 1255 2784 insatti
1308 2759 1399 2783 conda
1421 2759 1564 2784 invettiva
1580 2760 1608 2784 fu
1623 2761 1793 2785 certamente
1812 2761 1921 2791 scritta,
1935 2767 1953 2785 ο
1966 2760 2114 2791 ι-Ηῑοοειῐι,
2127 2759 2205 2794 dopo
2251 2785 2258 2788 ,
2275 2760 2277 2764 ’

300 2806 330 2831 15
359 2800 381 2824 il
400 2801 504 2833 giorno
523 2802 553 2826 di
572 2801 682 2834 Pasqua
701 2801 761 2834 (13)
779 2808 884 2834 appare
908 2802 938 2826 in
957 2799 1036 2826 cirta.
1072 2801 1191 2826 Notizia
1210 2801 1254 2826 del
1308 2801 1358 2825 che
1376 2801 1387 2825 i
1406 2801 1577 2826 Mantovani
1599 2802 1757 2827 nell’estate
1777 2802 1822 2827 del
1845 2810 1913 2834 1¹¹4
1928 2816 1959 2820 —
1974 2802 2090 2835 quando
2107 2799 2205 2835 giida

358 2843 533 2868 tradlmento
547 2842 561 2868 ὲ
574 2844 665 2869 anche
679 2844 757 2869 neila
777 2843 908 2869 Crouaca
927 2844 958 2869 dl
971 2843 1132 2870 Bernoldo:
1151 2844 1164 2858 ‘¹
1174 2843 1255 2868 Man-

361 2883 474 2914 “tuani,
501 2885 636 2910 diuturna
661 2886 814 2911 obsidione
840 2894 855 2911 a
877 2886 1015 2911 Heinrico
1042 2893 1105 2919 rege
1130 2887 1187 2910 iam
1206 2893 1255 2919 per

362 2925 491 2950 “annum
511 2929 670 2959 constricti,
690 2935 705 2952 a
724 2928 844 2953 domino
857 2927 991 2953 Welfone
1010 2928 1208 2957 discesserunt,
1227 2929 1255 2952 et

362 2966 415 2991 “se
440 2970 467 2992 et
492 2970 639 2994 civitatem
666 2977 744 2994 suam
771 2977 821 2995 suo
849 2971 1022 2995 devastatori
1049 2970 1254 3000 tradiderunt„

300 3014 334 3033 20
361 3008 413 3042 (M.
439 3010 467 3034 G.
493 3011 537 3040 H.,
557 3011 617 3042 SS„
636 3011 670 3043 V,
691 3012 771 3045 450:
792 3013 821 3037 lo
840 3014 930 3038 stesso
949 3012 1055 3038 dicono
1074 3013 1114 3046 gli
1136 3014 1255 3038 Annales

1308 2843 1358 2876 pii:
1378 2843 1406 2868 di
1428 2851 1462 2868 20
1479 2844 1551 2868 anni
1570 2845 1678 2869 durava
1697 2845 1725 2869 la
1744 2845 1898 2869 ribellione
1924 2852 2002 2869 come
2021 2846 2170 2870 mostrano
2194 2844 2206 2870 1
2255 2845 2256 2848 ’

1308 2894 1353 2911 vv.
1374 2886 1475 2918 542-46
1496 2900 1528 2904 -—
1548 2894 1677 2912 avevano
1695 2888 1877 2920 gravemente
1896 2886 1979 2912 offesa
1998 2887 2120 2912 Matilde
2132 2893 2205 2912 nm·
2247 2884 2258 2896 ”

1308 2929 1395 2954 lendo
1414 2928 1531 2954 Rivaita
1551 2929 1622 2963 (cap.
1642 2928 1716 2959 XIX.
1736 2930 1766 2954 L.
1786 2928 1823 2962 11)
1841 2929 1898 2954 alla
1912 2929 1984 2954 falsa
2004 2930 2111 2955 notizia
2129 2929 2205 2954 della
2250 2925 2251 2928 ¹

1308 2973 1400 2996 morte
1413 2972 1443 2996 di
1455 2971 1492 2996 lei
1503 2970 1529 3002 (e
1544 2979 1601 2996 non
1616 2969 1664 3004 gift
1678 2972 1888 3004 prorompendo
1904 2973 1933 2996 in
1953 2971 2106 2996 ribellione
2126 2978 2205 2997 come
2256 2980 2259 2986 ³

1308 3013 1371 3038 dice
1390 3012 1597 3043 1’0vmmmv,
1617 3021 1643 3047 p.
1666 3012 1734 3047 157),
1754 3021 1815 3048 cap.
1835 3013 1900 3038 XIX
1920 3013 1949 3038 L.
1969 3013 2004 3038 II.
