2288 3476
238 2143 258 2160 c.
273 2143 323 2163 71¹²

354 2743 385 2760 10

355 2949 384 2974 15

799 361 1069 404 Longobardiae
1093 361 1205 393 stabat
1228 370 1291 393 rex
1315 360 1485 393 hactenus
1508 359 1567 392 ille

801 415 867 447 Cui
891 414 1031 447 fortuna
1053 419 1158 452 vetat,
1182 414 1275 446 ferat
1298 414 1389 446 ultra
1411 424 1455 445 ne
1479 413 1648 447 diadema.

800 467 921 511 Egipti
943 478 1062 511 regem
1086 478 1175 511 quae
1198 466 1346 509 perculit
1367 466 1499 505 ultima,
1521 477 1641 511 regem

801 521 906 552 Istum
930 519 1033 563 plaga
1056 520 1151 559 ferit,
1175 520 1426 563 primogenitus
1449 519 1515 553 sibi
1537 519 1654 559 cedit3

1101 238 1233 274 VITA
1260 237 1557 274 MATHILDIS

707 1490 761 1515 860

707 1758 740 1783 86
745 1765 758 1791 5

707 2027 761 2059 870

498 2361 525 2377 v.
544 2352 606 2384 839)
626 2351 800 2376 Lombardia
820 2351 865 2376 nel
886 2358 969 2376 senso
989 2351 1050 2376 lato
1069 2351 1234 2382 medievale,
1247 2359 1307 2384 per-

409 2394 458 2420 che
478 2395 585 2420 Enrlco
605 2401 652 2419 era.
671 2395 702 2419 in
721 2395 898 2427 quest’epoca
918 2394 994 2419 nella
1013 2394 1109 2419 Marca
1128 2395 1279 2419 Veronese.

498 2446 525 2462 v.
544 2436 606 2469 846)
625 2437 658 2462 de
677 2437 809 2466 crismate,
830 2437 943 2461 sll'atto
964 2436 1008 2461 del
1028 2437 1191 2462 battesimo.

801 574 958 606 Mortuus
981 573 1100 617 Egipti
1122 573 1374 617 primogenitus
1397 573 1475 612 fuit,
1499 573 1556 606 isti

801 628 881 660 Non
905 627 1001 667 obiit,
1024 627 1122 659 vivus
1145 627 1208 659 sed
1232 627 1264 660 ei
1287 627 1404 671 gravis
1427 633 1479 660 est
1499 628 1660 660 inimicus

799 681 938 719 Factus,
963 680 1008 713 ob
1032 681 1104 712 eius
1127 691 1215 723 opus
1238 681 1332 723 quod
1355 687 1431 714 erat
1453 680 1597 713 nimium
1618 681 1839 714 scelerosum.

799 733 1006 766 Chonradus
1029 734 1144 766 dictus
1159 733 1225 766 fuit
1249 733 1307 766 hic
1331 734 1374 766 de
1398 733 1558 767 crismate
1583 734 1720 773 tinctus,

802 787 947 830 Ingenio
969 787 1116 830 pollens,
1139 787 1334 831 genitorem
1358 797 1498 830 prorsus
1521 787 1725 826 abhorrens,

802 840 849 873 Se
873 842 1044 874 Dominae
1067 841 1174 885 largis
1195 840 1378 874 Mathildi·
1401 840 1557 875 subdidit
1581 841 1656 881 alis,

801 893 903 932 Quae
925 894 1032 927 veluti
1055 895 1197 938 dignum
1221 895 1324 929 valde
1348 906 1534 939 carumque
1557 895 1788 938 propinquum

802 948 888 981 Mox
911 949 1065 991 suscepit
1090 959 1180 988 eum,
1204 948 1346 982 laudans
1368 955 1405 982 ut
1427 959 1492 981 rex
1514 949 1693 982 vocitetur.

803 1001 900 1034 Illius
922 1008 1049 1035 tractat
1071 1008 1203 1045 patrem
1228 1003 1289 1043 sic,
1313 1003 1440 1036 Hester
1462 1009 1500 1036 ut
1522 1003 1660 1041 Aman3

804 1054 956 1088 Abstulit
978 1066 1119 1088 uxorem
1144 1056 1220 1095 sibi,
1244 1056 1411 1099 primitus,
1435 1063 1470 1089 et
1492 1056 1597 1089 modo
1620 1055 1782 1099 prolem.'

803 1108 865 1141 His
888 1114 1000 1142 motus
1024 1110 1186 1151 dampnis
1209 1116 1341 1152 septem
1365 1115 1460 1142 stans
1482 1109 1620 1142 insimul
1645 1109 1743 1142 annis

806 1162 938 1202 Italiae,
960 1172 1106 1206 regnum
1130 1163 1308 1196 Gallorum
1332 1163 1449 1196 visitat
1471 1163 1560 1196 exul.

804 1215 862 1248 Sic
886 1216 1010 1258 procul
1034 1216 1176 1254 eiectus,
1201 1216 1408 1249 Chonradus
1432 1217 1520 1250 filius
1542 1217 1616 1249 eius

801 1267 889 1301 Cum
912 1269 1061 1302 Domina
1085 1269 1199 1302 stabat
1220 1270 1288 1302 iam
1311 1280 1416 1312 supra
1440 1276 1717 1310 commemorata,

804 1322 981 1355 Conscilio
1006 1323 1102 1355 cuius
1118 1323 1264 1366 pulcher
1287 1323 1422 1356 iuvenis
1443 1323 1658 1356 rubicundus

804 1376 860 1408 Ac
882 1376 1037 1418 prudens
1060 1386 1153 1415 vere,
1177 1375 1328 1409 Siculam
1353 1376 1450 1408 duxit
1472 1376 1661 1416 mulierem,

803 1429 950 1473 Rogerii
973 1435 1087 1462 natam
1111 1428 1219 1461 ducis.
1267 1428 1360 1462 Huic
1381 1430 1500 1462 iuveni
1523 1440 1662 1474 quoque
1684 1441 1775 1473 papa

806 1483 960 1516 Credere
982 1483 1011 1515 si
1033 1483 1138 1515 vellet
1159 1482 1235 1522 sibi,
1259 1493 1377 1528 regem
1401 1494 1471 1516 non
1494 1489 1589 1516 vetat
1613 1494 1697 1516 esse.

806 1536 885 1568 Non
909 1541 983 1568 erat
1005 1536 1062 1569 hic
1085 1542 1202 1568 rector
1224 1536 1390 1568 tremulus
1413 1536 1511 1579 quasi
1534 1536 1683 1569 cannula
1708 1542 1824 1576 vento,

807 1589 878 1622 Sed
899 1588 1009 1622 veluti
1032 1589 1163 1622 ferrum
1186 1589 1370 1623 truncabat
1392 1589 1497 1623 noxia
1520 1590 1637 1623 verbo.

805 1643 855 1676 Ut
878 1653 1018 1676 cervum
1042 1653 1196 1686 serpens,
1220 1644 1380 1676 heresum
1404 1644 1454 1676 sic
1479 1643 1580 1676 turba
1601 1644 1697 1677 timet
1719 1654 1844 1687 quem3

805 1697 940 1730 Cuncta
962 1696 1028 1729 sibi
1050 1707 1158 1739 prava
1179 1697 1374 1730 subduntur
1396 1697 1561 1741 dogmata
1584 1698 1684 1731 falsa.

806 1750 992 1794 Nunquam
1016 1750 1173 1784 decrevit
1197 1750 1338 1783 libertas
1362 1751 1514 1794 denique
1537 1751 1630 1784 sedis

807 1804 989 1837 Romanae
1012 1815 1076 1847 per
1099 1816 1188 1844 eum,
1213 1811 1370 1838 sanctum
1392 1811 1551 1847 peramat
1573 1806 1654 1848 quia
1677 1805 1829 1838 Petrum.

806 1858 945 1892 Aureus
968 1859 1107 1892 antistes
1131 1859 1229 1892 color
1251 1859 1401 1901 optimus
1425 1859 1539 1892 extitit
1561 1859 1636 1899 iste,

806 1912 951 1945 Scilicet
973 1912 1147 1951 Urbanus,
1170 1912 1300 1946 sanctis
1322 1912 1447 1945 merito
1470 1913 1636 1951 sociatus;

806 1966 931 1999 Talem
954 1977 1018 1999 vae
1042 1966 1178 1999 Romae
1202 1977 1280 1999 cum
1304 1966 1460 2009 perdidit
1484 1967 1684 2010 opilionem.

806 2020 964 2052 Mortuus
987 2026 1038 2052 est
1061 2020 1210 2059 Romae,
1232 2019 1342 2063 digno
1366 2021 1527 2053 conditus
1551 2021 1695 2059 honore,

806 2073 912 2106 Iulius
934 2073 1009 2115 ipse
1033 2073 1108 2106 dies
1131 2072 1230 2105 binos
1253 2084 1332 2106 cum
1357 2074 1417 2106 dat
1438 2084 1549 2116 prope
1572 2073 1703 2113 finem‚'

808 2125 912 2159 Anno
935 2126 1075 2159 milleno
1100 2136 1353 2170 nonagenoque
1377 2137 1525 2166 noveno,

804 2180 839 2213 A
861 2186 943 2213 nato
966 2180 1062 2213 celso
1086 2178 1131 2213 de
1154 2180 1265 2222 prima
1289 2180 1434 2224 Virgine
1461 2180 1589 2214 Verbo.

1365 2436 1379 2450 ⁸
1390 2438 1563 2468 serpentium
1584 2438 1721 2469 inimici„

1362 2351 1477 2382 Enrico,
1495 2359 1541 2376 ma
1561 2352 1591 2376 su
1611 2353 1776 2377 combinato
1795 2354 1843 2386 poi
1865 2354 1900 2378 da
1919 2353 2036 2378 Urbano
2054 2353 2089 2379 11.

1452 2394 1705 2426 v.863)1s11›0110‚
1727 2396 1925 2428 Etystmolagzae
1943 2396 1978 2427 ΙΙ,
1995 2403 2017 2426 1
2034 2395 2065 2422 18
2083 2396 2172 2421 dice·
2183 2381 2263 2424 cervi

1770 2438 1990 2468 Palm-amone,
2009 2442 2051 2470 op.
2069 2439 2123 2470 eit„
2143 2446 2170 2471 p.
2193 2443 2232 2463 n.

497 2488 524 2504 v.
542 2479 605 2512 849)
618 2479 813 2511 propinquum:
833 2479 861 2504 la
882 2487 978 2504 nonna
998 2481 1127 2504 materna
1140 2479 1168 2503 di
1189 2479 1309 2503 Matilde

410 2520 544 2553 (Matilde
563 2523 591 2546 di
612 2520 738 2553 Lorena)
757 2529 772 2546 e
791 2522 819 2546 la
840 2529 936 2546 nonna
955 2523 1074 2553 paterna
1094 2521 1125 2546 di
1144 2521 1249 2546 Enrico
1269 2521 1308 2545 IV

410 2563 521 2596 (Gisela
541 2563 646 2595 moglie
665 2563 694 2588 di
715 2562 845 2588 Corrado
870 2562 908 2594 11)
932 2570 1020 2588 erano
1045 2563 1157 2592 sorelle,
1175 2563 1252 2596 figlie
1278 2563 1306 2587 di

411 2606 558 2630 Ermanno
577 2606 648 2630 duca
668 2606 696 2630 di
716 2604 829 2630 Svevia.

499 2656 526 2672 v.
539 2649 604 2678 850)
621 2646 752 2672 Corrado
767 2647 796 2671 fu
810 2647 984 2672 incoronato
998 2654 1027 2672 re
1040 2646 1154 2672 d’Italla
1166 2655 1183 2672 a
1195 2647 1308 2672 Milano

411 2690 570 2715 dall’arciv.
590 2690 737 2715 Anselmo.

501 2742 547 2759 vv.
557 2732 674 2764 853-54)
689 2733 793 2757 Enrico
808 2733 933 2757 stettein
946 2733 1031 2757 Italia
1045 2733 1091 2757 dal
1108 2739 1176 2765 1090
1185 2732 1212 2757 nl
1225 2738 1307 2765 1097:

412 2775 468 2807 egli
490 2775 626 2807 pattendo
647 2775 723 2808 dopo
744 2775 771 2799 la
790 2775 900 2807 Pasqua
919 2774 963 2808 (¹5
984 2774 1087 2808 aprile)
1106 2782 1165 2800 non
1179 2773 1263 2807 passo
1276 2775 1307 2799 in

413 2817 518 2847 Gallia,
544 2826 588 2842 ma
616 2818 741 2842 valicato
767 2817 789 2842 il
815 2818 970 2848 Brennero,
989 2817 1011 2842 u
1039 2825 1052 2850 5
1079 2818 1195 2850 maggio
1220 2823 1267 2841 era
1291 2824 1307 2841 a

414 2860 559 2885 Nussdorf
576 2867 674 2893 presso
694 2860 815 2889 Vienna,
837 2860 857 2884 il
872 2867 906 2892 24
920 2861 1033 2892 maggio
1052 2867 1068 2884 a
1080 2859 1242 2884 Ratisbona
1255 2859 1306 2892 poi

415 2910 429 2926 a
448 2902 635 2934 Norimberga
655 2911 669 2926 e
688 2902 772 2935 Splra
790 2902 918 2934 (Mavult,
940 2905 982 2932 op.
1001 2903 1054 2934 cit„
1075 2901 1122 2931 VI.
1136 2910 1163 2934 p.
1184 2901 1236 2935 55).

500 2953 525 2968 ·υ.
539 2942 604 2976 858)
619 2945 657 2968 Le
671 2952 756 2969 nozze
769 2944 843 2976 (solo
856 2944 972 2969 formali
987 2952 1036 2978 per
1049 2942 1116 2969 l'eta
1126 2944 1201 2969 della
1212 2942 1307 2976 sposa)

413 2993 468 3010 con
487 2986 608 3011 Matilde
628 2986 648 3011 f.
667 2986 698 3010 di
716 2987 848 3019 Ruggero
870 2987 899 3011 di
926 2985 1028 3011 Sicilia
1053 2987 1154 3012 ebbero
1180 2986 1267 3020 luogo
1293 2994 1307 3011 a

414 3027 479 3051 Plsa
499 3028 543 3051 nel
566 3034 646 3060 1099:
666 3029 688 3052 il
709 3030 894 3053 matrimonio
915 3036 961 3053 era
980 3026 1028 3060 gia
1046 3031 1124 3054 stato
1138 3030 1258 3053 trattato
1273 3028 1307 3053 da

1451 2487 1496 2503 vv.
1516 2480 1578 2504 861-
1567 2479 1628 2511 -65)
1641 2480 1672 2504 In
1687 2481 1779 2512 questi
1794 2482 1867 2505 versi
1883 2479 1908 2513 (e
1922 2482 2015 2513 specie
2029 2481 2075 2506 nex
2091 2480 2105 2495 ⁸
2115 2481 2267 2514 nunqua&

1365 2519 1379 2534 “
1391 2520 1518 2545 decrevit
1537 2521 1653 2546 libertas
1664 2520 1691 2553 ,,)
1709 2521 1761 2546 che
1773 2529 1829 2546 van
1844 2522 2024 2547 consrontati
2043 2529 2098 2547 con
2111 2521 2201 2554 quelli
2213 2515 2266 2557 ἄεξ’

1362 2570 1423 2596 cap.
1433 2563 1499 2588 XVI
1514 2565 1558 2587 nei
1578 2564 1658 2596 quali
1672 2565 1695 2588 si
1711 2566 1788 2588 sente
1809 2572 1865 2589 una
1878 2566 1980 2590 critica
1999 2565 2094 2590 velata
2105 2558 2265 2631 dell’oper}

1363 2605 1391 2630 di
1412 2613 1485 2638 papa
1504 2605 1643 2638 Pasquale
1661 2605 1789 2638 (vivente
1808 2607 1854 2631 nel
1876 2606 2248 2640 1113—15‚mentreD.scri

1364 2647 1445 2680 veva)
1465 2656 1514 2681 per
1534 2649 1555 2672 il
1576 2656 1627 2674 suo
1645 2651 1791 2682 contegno
1811 2657 1865 2673 con
1885 2649 1991 2674 Enrico
2010 2649 2036 2674 V
2055 2649 2103 2674 nel
2125 2655 2201 2674 1111.

1451 2698 1477 2715 v.
1497 2691 1559 2722 868)
1579 2691 1695 2716 Urbano
1717 2692 1746 2716 su
1766 2692 1951 2717 canonizzato
1970 2692 2035 2717 solo
2055 2691 2100 2717 nel
2123 2691 2188 2717 1881
2231 2703 2235 2713 ι

1363 2734 1385 2758 il
1405 2741 1456 2757 suo
1475 2734 1555 2758 culto
1575 2741 1622 2758 era
1641 2735 1737 2759 subito
1756 2734 1930 2759 eominciato
1949 2735 1980 2759 in
1999 2734 2131 2760 Francia.

1451 2784 1476 2800 v.
1497 2774 1558 2808 869)
1583 2776 1682 2807 opilio,
1703 2778 1826 2808 pastore.
2260 2804 2261 2807 Ἰ

1450 2827 1476 2843 v.
1495 2819 1556 2850 870)
1576 2818 1693 2843 Urbano
1713 2818 1786 2843 mori
1808 2819 1829 2843 il
1851 2825 1884 2850 ²9
1903 2819 1995 2851 luglio
2018 2826 2094 2852 1099,
2107 2820 2139 2843 in
2151 2825 2216 2844 casa
2234 2829 2239 2839 ·
2256 2827 2260 2832 ·

1362 2861 1460 2886 Pietro
1480 2862 1508 2886 di
1529 2862 1624 2886 Leone
1644 2868 1740 2894 presso
1759 2861 1787 2886 S.
1806 2860 1910 2886 Nicolo
1930 2863 1959 2886 in
1980 2860 2099 2886 Carcere
2117 2869 2140 2893 e,
2154 2861 2219 2886 date

1363 2902 1470 2926 insidie
1489 2903 1533 2926 dei
1553 2902 1668 2932 nemim,
1687 2902 1718 2926 su
1738 2908 1791 2926 con
1812 2899 1952 2926 difficolt&
1971 2902 2089 2934 portato
2108 2908 2125 2926 a
2142 2900 2170 2926 S.
2195 2901 2247 2926 Pl
2264 2934 2266 2937 ι

1362 2946 1408 2969 tro
1427 2944 1632 2976 (WATrnmcn,
1661 2945 1744 2973 Vuae,
1763 2944 1785 2975 1,
1808 2943 1878 2977 574).
1915 2943 2045 2968 Secondo
2069 2944 2090 2968 il
2117 2943 2240 2976 Gregor
2262 2955 2266 2982 Ξ

1363 2987 1426 3011 vius
1446 2985 1510 3019 (Die
1536 2987 1765 3011 Grabdenkmiiler
1784 2987 1833 3011 der
1846 2987 1956 3017 Ρᾶφείε,
1971 2986 1996 3010 ΙΙ
2010 2986 2061 3015 ed„
2074 2993 2102 3020 p.
2122 2983 2169 3019 53)
2182 2985 2204 3010 il
2217 2993 2244 3012 s

1362 3029 1461 3061 polcro
1481 3029 1615 3062 potrebbe
1635 3035 1723 3053 essere
1744 3029 1788 3053 nel
1809 3028 1958 3053 Laterano.
2262 3030 2264 3032 ’

2254 2635 2265 2659 1.
