2288 3476
414 223 663 262 CARMINE
689 223 910 261 SCRIPTA
938 225 977 260 A
1007 223 1280 261 DONIZONE
1307 223 1654 260 PRESBYTERO
1908 221 1954 259 65

100 298 104 308 ν,
117 301 132 308 .-
133 299 1960 308 ....................................................................................................................................................................................................

508 347 561 380 Ex
584 347 650 380 hac
672 353 772 390 parte
795 347 878 380 freti
900 358 964 390 per
989 347 1130 381 climata
1154 353 1315 391 quattuor
1338 346 1440 386 aevi,'

506 399 623 442 Lepra
647 400 854 433 Guibertina
875 405 1100 433 succreverat
1122 400 1276 440 horrida,
1297 400 1419 444 nigra3

507 452 583 486 Hac
606 453 706 496 lepra
727 453 874 487 mundus
896 454 973 487 fere
997 463 1067 487 non
1091 454 1188 487 locus
1211 454 1327 487 extitit
1347 453 1453 490 ullus;

506 506 640 540 Munda
663 507 785 540 domus
807 507 881 541 sola
903 507 1086 540 Mathildis
1108 513 1183 540 erat
1205 507 1374 550 spaciosa.

508 559 702 593 Catholicis
724 571 866 603 prorsus
887 561 957 593 fuit
979 561 1069 594 haec
1092 566 1183 593 tutus
1206 561 1304 604 quasi
1326 566 1462 604 portum

507 614 597 647 Nam
621 624 706 658 quos
730 615 941 657 dampnabat
963 615 1053 654 Rex,
1077 614 1241 657 pellebat,
1265 614 1436 657 spoliabat

507 667 704 707 Pontifices,
727 668 927 708 monachos,
952 668 1114 706 clericos,
1138 668 1244 700 Italos
1267 678 1405 711 quoque
1429 666 1559 706 Gallos,

505 719 565 754 Ad
586 721 702 754 vivum
726 722 859 754 fontem
883 722 1069 754 currebant
1092 721 1252 754 funditus
1275 731 1406 760 omnes,

505 772 652 807 Scilicet
674 774 720 807 ad
742 774 870 807 dictam
893 775 1076 807 Dominam
1100 775 1168 807 iam
1192 781 1308 807 mente
1333 774 1535 818 benignam.

408 841 458 868 ²7⁵
506 827 676 870 Quaeque
699 827 932 871 requirebant,
956 828 1051 871 apud
1072 828 1182 870 ipsam
1206 827 1468 871 repperiebant:

506 879 628 913 Defuit
650 880 742 913 haud
765 880 838 919 ulli,
863 881 947 924 quin
970 881 1103 924 profuit
1126 882 1256 924 optima
1279 882 1424 914 cunctis.

507 934 589 967 Non
612 933 656 967 ab
680 945 722 967 ea
743 939 872 967 mestus
894 934 924 966 si
948 935 1025 977 quis
1047 934 1102 967 vir
1124 935 1219 967 venit
1241 935 1405 967 honestus

507 987 666 1030 Unquam
689 987 856 1030 preteriit,
880 987 942 1020 sed
965 987 1162 1020 consolatus
1186 988 1304 1021 abivit.

503 1040 668 1074 Vestibus
690 1051 710 1073 e
732 1041 841 1073 sacris
863 1040 988 1074 multos
1010 1042 1099 1074 haec
1123 1047 1207 1075 nota
1235 1041 1393 1074 ducatrix

503 1093 625 1127 Patres
649 1093 841 1127 catholicos
864 1094 1006 1127 vestisse
1029 1095 1170 1138 quidem
1193 1095 1416 1132 reminiscor3

503 1147 599 1180 Inter
620 1157 706 1190 quos
728 1147 832 1180 fulxit
853 1148 1067 1181 reverendus
1091 1148 1275 1191 episcopus
1299 1147 1394 1180 urbis

502 1200 681 1239 Lucensis,
704 1201 826 1234 lucens
850 1200 1043 1241 Anselmus,
1065 1202 1212 1234 maxime
1236 1201 1413 1244 prudens,'

501 1254 597 1298 Lege
621 1253 688 1287 Dei
713 1255 845 1292 doctus,
869 1254 1060 1287 monachus
1082 1254 1172 1287 bene
1195 1253 1401 1298 relligiosus.

503 1307 694 1352 Gregorius
715 1308 831 1350 presul
853 1307 1046 1346 Romanus,
1070 1313 1108 1340 ut
1130 1307 1325 1353 ggitglesus

406 1369 456 1402 285
503 1362 543 1394 In
566 1371 672 1395 cruce
696 1361 755 1404 qui
778 1361 929 1394 moriens
953 1360 1013 1393 dat
1035 1361 1209 1404 discipulo
1231 1360 1449 1405 genitricem,

499 1415 676 1448 Commisit
700 1414 874 1447 dominam
898 1414 948 1447 sic
972 1413 1137 1447 Anselmo
1161 1414 1379 1454 comitissam,

501 1466 617 1506 Quam
640 1467 760 1500 docuit
782 1467 895 1506 dictis,
918 1467 1012 1511 regit
1033 1467 1271 1510 exemplisque
1295 1467 1464 1511 benignis,

501 1521 691 1555 Perversae
714 1526 831 1553 sectae
853 1521 1058 1563 monuitque
1081 1520 1243 1554 resistere
1267 1530 1415 1564 semper.

2012 404 2086 428 Mun„
2102 405 2141 428 368

410 573 464 599 270

406 1101 459 1127 280

2042 1220 2062 1235 c.
2077 1220 2125 1239 55¹⁴

67 1690 85 1698 -,.
192 1672 220 1689 v.
238 1663 302 1696 26⁶)
321 1672 352 1688 ex
369 1664 418 1688 hac
429 1666 515 1695 parte
526 1663 605 1696 freti
621 1661 743 1694 (fretum,
762 1661 859 1692 mare),
879 1662 924 1686 nel
946 1661 1001 1685 Me-

3 1711 5 1713 ’
54 1699 79 1734 3:¹ss
105 1706 268 1732 ditemneo
286 1706 472 1735 occidentale,
491 1703 555 1730 eloe
574 1705 621 1729 nel
642 1704 749 1729 mondo
769 1705 907 1729 cristiano
927 1705 1001 1728 ocei-

44 1756 77 1784 „Jiz
105 1748 219 1774 dentnle
245 1756 303 1773 non
325 1746 390 1781 gia:
414 1747 559 1773 essendosi
580 1748 684 1780 potuto
704 1748 867 1777 sostenere3
882 1750 937 1777 per
958 1747 1003 1771 cli-

65 1786 85 1826 s
104 1795 177 1818 nata
195 1794 320 1824 quatuor
339 1791 410 1821 aevi,
428 1798 479 1825 per
497 1792 612 1823 quattro
632 1790 822 1815 inclinazioni
837 1789 881 1814 del
895 1791 1000 1822 tempo,

104 1833 166 1860 01οδ
185 1835 194 1858 1
212 1835 329 1867 quattro
347 1835 416 1858 anni
437 1831 507 1866 (non
527 1833 554 1858 10
572 1834 688 1865 quattro
707 1831 846 1865 stagioni)
866 1832 913 1857 dal
935 1832 999 1857 1081

18 1875 48 1915 π’
66 1874 86 1910 ἐ
103 1876 132 1902 ⁸1
153 1875 232 1908 1084,
253 1877 299 1901 uei
319 1876 400 1908 quali
418 1875 525 1900 Eanco
544 1877 630 1900 tenne
655 1875 796 1900 assediata
820 1874 920 1905 Roma,
945 1876 1001 1899 riu-

31 1920 37 1950 5'
103 1918 207 1947 scendo
225 1918 389 1944 finalmente
408 1918 444 1943 ad
462 1918 605 1943 insediare
623 1917 783 1951 l’antipapa
801 1924 816 1942 e
835 1925 851 1941 a
871 1917 1001 1942 [αι-3100-

32 1954 37 1964 '⁷
61 1974 64 1976 ·
88 1962 206 1986 'tonare
224 1959 259 1985 da
278 1960 330 1985 lui.

77 1992 82 2020 =¹
191 2012 220 2030 v.
237 2003 299 2036 2⁶9)
318 2003 384 2028 Non
404 2002 432 2028 ln
451 2003 514 2028 sola
532 2010 596 2028 casa
615 2002 644 2027 di
665 2001 787 2026 Matilde
812 2002 837 2026 si
856 1999 914 2034 ριιὸ
940 2001 1001 2026 dire

66 2043 75 2054 ’
104 2045 178 2073 fone
195 2045 286 2071 libera
305 2045 341 2071 da
359 2046 457 2078 questa
475 2045 616 2074 malattia,
636 2043 737 2077 perche
751 2042 786 2069 ne
799 2044 825 2068 le
839 2044 911 2069 altre
924 2045 998 2078 parti

47 2084 48 2087 ¹
69 2086 150 2122 ,del
167 2089 274 2114 mondo
292 2095 308 2113 e
326 2095 451 2122 neppure
469 2088 499 2112 la
518 2088 607 2113 stesso.
619 2087 705 2112 Italia
717 2093 896 2112 mancsvano
910 2087 940 2111 dl
955 2087 1002 2120 pie

59 2128 81 2166 ’Δ
102 2137 231 2165 persone,
251 2130 302 2156 che
320 2137 525 2163 approvavano
544 2130 574 2155 lo
593 2130 655 2155 zelo
674 2130 705 2155 di
725 2128 875 2162 Gregorio,
900 2137 915 2154 e
940 2136 1000 2154 ave

33 2171 37 2179 ’
66 2170 81 2201 15
103 2179 179 2199 nno
197 2173 229 2198 iu
248 2174 318 2198 odio
337 2173 528 2205 l’imperatore
546 2180 561 2197 e
581 2173 588 2196 i
609 2172 674 2197 suoi
699 2173 821 2205 seguaci.
857 2171 958 2197 Invece
985 2170 999 2197 ὲ

32 2204 37 2226 ”
64 2210 70 2244 ζ
103 2215 138 2240 da
154 2215 268 2240 credere
285 2214 336 2239 che
361 2214 551 2239 nessun’altra
570 2215 659 2247 stirpe
677 2213 708 2238 di
726 2214 854 2247 principi
874 2213 999 2243 italiani,

10 2256 69 2285 ³4
103 2257 176 2282 oltre
194 2256 326 2286 Matude,
344 2256 468 2283 aiutasse
489 2256 510 2281 il
534 2263 616 2289 papa.
653 2255 847 2281 Concordano
873 2256 999 2280 tuttavia

32 2295 45 2323 ,⁸-
69 2311 70 2314 =
103 2306 157 2325 con
176 2297 222 2324 cio
240 2300 293 2325 che
312 2291 428 2324 dice‘D.
446 2299 540 2331 questl
559 2299 613 2324 due
631 2299 708 2332 passi
729 2299 758 2323 di
778 2299 909 2323 scrittori
933 2305 998 2323 con-

33 2365 40 2369 7,
55 2353 82 2379 5v
101 2342 292 2375 temporanei:
314 2341 328 2354 ¹‘
338 2341 406 2366 Sola
424 2342 492 2366 tunc
510 2341 648 2373 temporis
662 2341 778 2365 inventa
790 2343 834 2365 est
847 2340 999 2366 Mathildis

105 2382 120 2397 ⁸
129 2381 285 2408 Comitissa
305 2384 380 2408 inter
399 2382 530 2411 feminas,
548 2390 620 2415 quae
632 2382 720 2416 Regis
733 2383 892 2415 potentiam
906 2390 998 2415 asper·

31 2427 38 2435 ⁸
77 2446 82 2450 .
105 2422 197 2450 ‘nata
215 2425 263 2455 sit,
281 2431 354 2457 quse
378 2424 590 2449 callidltatibus
614 2424 676 2449 eius
700 2425 728 2449 et
753 2424 886 2456 potentia
911 2424 998 2449 etiam

30 2463 44 2497 ’,
104 2465 234 2493 'bellico
253 2467 408 2492 certamine
426 2466 598 2496 obviaverit,
613 2468 645 2491 ut
657 2467 762 2491 merito
777 2467 942 2492 nomlnetur
957 2468 998 2492 vi-

32 2504 39 2523 ⁴.
56 2503 79 2542 '1⁴
104 2507 119 2533 ’ἕ
128 2515 205 2542 rago,
217 2516 287 2542 quae
300 2509 409 2534 virtute
422 2508 513 2533 animi
525 2509 610 2534 etiam
625 2509 704 2533 viros
718 2509 846 2542 praeibat
856 2527 881 2541 „.
903 2510 998 2535 Chron.

102 2551 133 2577 ἅ·
155 2551 269 2577 νενάκηι
287 2551 318 2576 dl
336 2551 403 2576 Uoo
422 2557 454 2576 m
473 2551 630 2576 memmr
649 2549 703 2584 (M.
728 2552 757 2577 G.
779 2552 827 2581 H..
847 2551 908 2583 SS.,
921 2550 997 2581 vm,

14 2620 16 2623 f
34 2583 73 2628 ‘⁴⁶-
101 2593 165 2627 4⁶3)
182 2601 197 2619 e
216 2593 294 2619 uena
312 2593 382 2618 vita
400 2593 429 2618 di
443 2592 470 2618 s.
490 2592 626 2618 Anselmo
646 2593 674 2618 di
695 2593 777 2618 Prete
796 2593 926 2619 sartione
945 2593 998 2627 (M.

38 2631 45 2660 ’.·
107 2636 139 2662 G.
152 2637 199 2667 H„
217 2636 279 2666 SS..
298 2635 360 2667 XII,
378 2643 406 2669 p.
429 2634 471 2669 16)
490 2643 558 2669 pure
571 2637 705 2662 sincrona
723 2635 739 2661 e
757 2636 836 2662 detto
851 2637 865 2650 ‘¹
876 2635 997 2662 Inventa

37 2671 82 2710 ''⁴'2
104 2675 170 2704 ‘ent
187 2678 249 2703 nola
267 2680 350 2710 atque
369 2678 453 2702 uulca
478 2677 546 2702 Dux
570 2679 598 2702 et
622 2678 832 2703 Marchionissa
855 2678 998 2704 Msthilda

40 2721 58 2756 ἷ
65 2721 90 2757 32
102 2719 116 2735 ⁶
127 2721 159 2746 ln
176 2719 229 2746 fide
248 2727 423 2754 permanens,
446 2720 538 2745 zelum
556 2720 610 2745 Dei
630 2720 745 2750 habens,
770 2721 885 2746 Domno
903 2721 998 2753 Papae

36 2761 78 2797 3³st
103 2760 267 2796 'Gregorio
286 2762 457 2793 obedIens„.
493 2762 575 2787 Mna.

14 2818 15 2822 =
38 2805 79 2837 ;’1-ῑ-,-4
188 2813 216 2830 v.
233 2803 296 2838 ²7²)
321 2805 422 2836 Gallos,
441 2805 452 2828 1
471 2805 617 2836 Lorenesi,
637 2804 721 2830 fedeli
743 2813 758 2829 a
777 2804 908 2830 Matllde.

36 2827 69 2873 ,ἒξ
189 2857 216 2874 v.
234 2846 296 2881 ²78)
317 2849 474 2874 Consulatus
492 2848 587 2873 abt'ssvut
623 2847 658 2872 D.
679 2848 802 2880 adopera
815 2855 864 2881 per
877 2848 997 2873 Matilde

73 2889 135 2916 le-
148 2890 217 2916 frasi
234 2891 284 2916 che
304 2890 325 2916 il
345 2890 475 2924 Vangelo
495 2891 580 2915 mette
601 2892 631 2915 in
650 2890 738 2915 bocca
756 2897 773 2915 a
792 2889 898 2915 Cristo.

189 2939 237 2957 vv.
254 2938 315 2964 279-
316 2932 361 2964 80)
374 2932 412 2958 D.
430 2931 544 2956 ricorda
558 2932 646 2956 anche
658 2929 710 2965 piu
722 2933 821 2956 avanti
835 2931 864 2956 la
876 2939 996 2964 genero-

35 2966 80 3033 ἓ
102 2972 158 3000 ιω
171 2973 199 3000 αι
213 2973 378 3000 Matudeln
391 2972 995 3007 arx-edisseri&1368,x468.11).11r2-

29 3014 74 3063 &31¹
102 3015 224 3041 m'za'seor
236 3022 285 3050 per
299 3016 319 3040 il
333 3015 532 3048 Psnnemborg
547 3014 668 3049 (op.c1'.‚t
683 3015 717 3048 4)
723 3022 846 3040 accenna
860 3023 876 3041 a
891 3016 996 3041 ricordl

233 3130 507 3164 T.V,p.11—5.

1057 1662 1202 1694 personali
1223 1662 1252 1686 di
1265 1662 1311 1691 D.,
1324 1669 1369 1686 ma
1390 1663 1419 1686 in
1433 1661 1522 1687 realta
1535 1663 1567 1688 in
1580 1664 1680 1695 questo
1694 1664 1812 1696 periodo
1825 1664 1883 1696 egli
1896 1672 1953 1689 non

1055 1710 1103 1728 era
1122 1712 1227 1730 ancora
1239 1711 1256 1729 a
1270 1704 1406 1729 Canossa.
1443 1705 1552 1730 Inoltre
1572 1706 1597 1730 sl
1611 1704 1668 1738 pub
1688 1706 1800 1731 credere
1818 1707 1868 1731 che
1887 1707 1953 1740 egli,
1981 1710 2014 1737 35

1057 1747 1145 1771 anche
1168 1746 1243 1771 nelle
1262 1748 1421 1771 successive
1445 1749 1637 1781 persecuzioni
1658 1748 1689 1773 dl
1707 1748 1824 1779 Enrieo‚
1843 1751 1954 1782 potesse

1056 1795 1123 1813 aver
1142 1795 1315 1814 conoscenza
1335 1789 1439 1813 diretta
1459 1789 1534 1814 della
1558 1788 1721 1823 generositt'z
1740 1791 1769 1815 di
1790 1791 1919 1816 Matllde.

1145 1840 1171 1856 v.
1195 1830 1257 1863 281)
1282 1832 1442 1867 Sull'opera
1469 1840 1549 1866 spesa
1574 1832 1610 1858 da
1628 1833 1767 1858 Anselmo
1792 1836 1913 1859 accanto
1938 1841 1955 1859 a

1055 1873 1176 1899 Matiide
1195 1876 1220 1899 ci
1242 1875 1409 1901 insormano
1428 1875 1455 1900 le
1473 1876 1528 1900 due
1547 1876 1613 1900 Vite
1632 1876 1660 1900 di
1680 1875 1828 1908 Anselmo,
1847 1883 1904 1901 una
1923 1877 1952 1901 di

1056 1918 1134 1949 prete
1159 1916 1299 1947 Bardone,
1325 1917 1422 1943 l'altrs.
1448 1918 1476 1942 di
1502 1917 1658 1950 Rangerio.
1694 1918 1816 1943 Matilde
1845 1919 1954 1944 accolse
1981 1925 2016 1951 40

1054 1958 1203 1988 Anselmo,
1221 1960 1338 1993 espulso
1357 1961 1392 1985 da
1412 1961 1504 1986 Lucca
1525 1961 1568 1985 fra
1587 1961 1724 1986 l'ottobre
1744 1961 1789 1986 del
1812 1960 1879 1986 1080
1897 1969 1912 1986 e
1932 1961 1952 1985 il

1055 2009 1151 2026 marzo
1162 2002 1207 2026 del
1221 2001 1287 2027 1081
1300 2002 1350 2035 (cf.
1363 2002 1545 2035 Ovmumun,
1560 2006 1602 2034 op.
1615 2003 1668 2032 cit..
1680 2011 1707 2036 p.
1723 2002 1792 2036 147).
1805 2002 1953 2036 Riguardo

1055 2043 1194 2078 all’epoca
1213 2044 1244 2069 in
1263 2045 1309 2069 cui
1330 2043 1472 2078 Gregorio
1492 2043 1575 2070 affido
1600 2045 1720 2071 Matssde
1746 2047 1780 2070 ad
1805 2046 1953 2075 Anselmo,

1054 2087 1089 2111 D.
1108 2094 1176 2119 pare
1195 2087 1269 2116 dica,
1288 2087 1333 2112 col
1360 2095 1411 2112 suo
1437 2095 1581 2121 paragone
1607 2096 1622 2113 a
1648 2088 1806 2119 Giovanni,
1831 2088 1882 2113 che
1906 2087 1952 2113 cio

1054 2136 1183 2154 avvenne
1205 2130 1282 2163 negli
1302 2130 1398 2155 ultimi
1419 2130 1489 2155 anni
1507 2131 1552 2155 del
1572 2137 1624 2155 suo
1638 2130 1816 2163 pontificato.
1851 2131 1953 2156 Invece
1980 2137 2013 2165 45

1055 2169 1076 2193 il
1102 2169 1228 2194 BaronIo
1247 2170 1416 2195 attribuisce
1430 2170 1450 2194 il
1472 2171 1546 2195 fatto
1565 2171 1593 2195 al
1611 2176 1677 2203 1074
1690 2170 1829 2203 (Annales,
1843 2179 1868 2196 a.
1885 2177 1951 2203 1073

1054 2219 1081 2244 p.
1101 2210 1164 2244 352)
1178 2219 1192 2237 e
1206 2213 1228 2237 il
1242 2211 1359 2237 Colucci
1381 2213 1437 2244 (Ua
1456 2221 1541 2238 nuovo
1549 2218 1645 2245 poema
1665 2214 1750 2239 latino
1770 2214 1815 2238 del
1836 2221 1889 2239 sec.
1903 2213 1951 2243 XI,

1054 2253 1146 2279 Roma
1169 2254 1244 2288 1895,
1264 2262 1310 2288 pp.
1333 2262 1392 2287 140,
1411 2254 1474 2289 236)
1494 2256 1550 2281 alla
1570 2257 1661 2281 morte
1680 2256 1709 2281 di
1730 2256 1859 2281 Beatrice
1877 2263 1892 2281 e
1905 2257 1951 2281 del

1054 2298 1158 2322 marito
1177 2297 1279 2330 (1076),
1299 2298 1416 2322 citando
1435 2299 1590 2331 Rangerlo,
1609 2299 1659 2324 che
1679 2307 1736 2323 non
1757 2299 1819 2324 dice
1841 2301 1949 2331 questo,

1053 2338 1155 2371 perche
1174 2341 1319 2365 anch'esso
1340 2348 1462 2365 accenna
1481 2341 1580 2366 invece
1605 2340 1743 2374 all’opera
1762 2341 1807 2366 del
1829 2348 1950 2366 vescovo
1979 2347 2014 2374 50

1053 2382 1129 2415 dopo
1142 2382 1170 2407 la
1185 2390 1234 2408 sua
1249 2383 1413 2415 espulslone
1427 2383 1461 2408 da
1475 2382 1576 2408 Lucca.
1596 2383 1642 2408 Un
1655 2383 1750 2408 ufficio
1764 2391 1843 2408 come
1856 2384 1951 2416 quello

1053 2424 1103 2449 che
1122 2425 1188 2449 vien
1209 2427 1365 2450 accennato
1385 2426 1421 2450 da
1445 2425 1480 2450 D.
1499 2433 1514 2450 e
1533 2427 1739 2451 minutamente
1759 2426 1895 2451 descritto
1915 2427 1951 2451 da

1052 2465 1206 2499 Rangerio,
1224 2469 1329 2501 poteva
1343 2468 1504 2501 complersi,
1519 2468 1583 2493 solo
1597 2475 1651 2493 con
1666 2475 1722 2493 una
1735 2475 1868 2501 presenza
1881 2476 1950 2493 con·

1052 2509 1145 2540 unua,
1164 2518 1179 2535 e
1198 2517 1255 2535 non
1276 2510 1311 2535 da
1331 2510 1461 2535 lontano.
1499 2511 1552 2536 Del
1572 2513 1648 2536 resto
1668 2512 1693 2536 si
1712 2509 1768 2545 puo
1789 2513 1951 2536 ammettere

1052 2551 1111 2581 che,
1130 2550 1178 2584 gii
1190 2552 1279 2577 anche
1298 2554 1400 2586 prims,
1413 2553 1552 2578 Anselmo
1573 2554 1647 2578 fosse
1666 2561 1723 2578 uno
1738 2554 1782 2578 del
1797 2552 1847 2585 pit:
1861 2554 1950 2579 ascol-
1979 2562 2010 2588 55

1052 2595 1106 2618 tati
1122 2595 1288 2628 consiglieri
1310 2594 1338 2619 di
1352 2594 1482 2625 Matilde‚
1495 2603 1508 2619 e
1522 2596 1572 2620 che
1585 2594 1735 2628 Gregorio,
1754 2597 1868 2628 quando
1887 2595 1950 2620 l’as-

1052 2637 1132 2662 sedio
1153 2637 1181 2662 di
1201 2636 1292 2661 Roma
1313 2637 1436 2663 iniziato
1457 2638 1502 2662 nel
1525 2636 1589 2663 1081
1605 2639 1771 2671 interruppe
1784 2637 1813 2662 la
1826 2645 1875 2663 sua
1889 2646 1950 2663 cor—

1052 2679 1245 2712 rispondenzs.
1263 2679 1369 2705 diretta
1388 2687 1441 2704 con
1464 2679 1593 2710 Matilde‚
1613 2681 1639 2705 10
1659 2681 1816 2713 suggerisse
1835 2680 1866 2705 di
1883 2688 1949 2705 con-

1052 2721 1178 2754 signarsi
1199 2729 1251 2745 con
1271 2721 1410 2746 Anselmo
1429 2729 1478 2754 per
1503 2724 1572 2755 ogni
1599 2722 1745 2747 decisione
1770 2722 1906 2754 reIIgiosa
1931 2729 1950 2746 o

1051 2763 1182 2796 politica,
1201 2764 1269 2788 dato
1283 2764 1334 2788 che
1351 2771 1414 2789 esso
1428 2771 1474 2789 era
1492 2763 1540 2797 gis
1560 2771 1657 2796 presso
1677 2764 1707 2789 di
1731 2764 1779 2789 lei.
1817 2765 1857 2789 La
1877 2765 1949 2789 srase
1977 2765 2012 2789 60

1051 2807 1079 2831 di
1100 2806 1135 2830 D.
1154 2804 1169 2830 'e
1189 2813 1269 2837 presa
1294 2805 1419 2830 secondo
1442 2806 1464 2830 il
1489 2806 1680 2838 Pannenborg
1705 2806 1757 2838 (op.
1776 2807 1830 2836 cit..
1850 2814 1876 2839 p.
1904 2806 1947 2840 18)

1051 2849 1098 2874 dal
1118 2848 1193 2873 libro
1212 2849 1303 2873 stesso
1323 2849 1351 2872 di
1372 2848 1509 2873 Anselmo
1530 2852 1631 2873 contro
1651 2847 1806 2874 Gulberto:
1829 2849 1883 2874 “in
1903 2857 1948 2874 cu-

1053 2889 1229 2915 “stodicndo
1250 2890 1330 2915 illam
1350 2890 1403 2915 deo
1424 2897 1485 2915 meo
1511 2892 1538 2915 et
1562 2893 1676 2916 sanctae
1702 2891 1786 2916 matri
1806 2891 1948 2921 ecclesiae,

1052 2933 1066 2947 ‘¹
1076 2933 1148 2958 cuius
1169 2935 1316 2964 praecepto
1336 2932 1402 2957 mihi
1417 2933 1554 2958 commissa
1580 2937 1642 2964 est„
1668 2932 1782 2965 (Libelli
1799 2934 1831 2958 de
1850 2934 1906 2965 lite,
1926 2934 1947 2965 1,

1052 2975 1123 3007 327),
1142 2981 1187 2999 mn
1207 2974 1307 2999 invece
1325 2973 1340 2998 ὲ
1359 2981 1439 3008 presa
1459 2975 1536 3000 dalla
1564 2976 1624 3000 Vita
1643 2976 1765 3000 Ansalmi
1777 2976 1806 3001 dl
1820 2976 1948 3001 Bardone
1976 2977 2008 3010 ⁶5

1051 3014 1124 3048 (SS.,
1144 3016 1204 3047 XII,
1227 3015 1268 3048 17)
1288 3017 1318 3041 in
1333 3017 1380 3041 cui
1395 3017 1423 3041 vi
1436 3015 1451 3040 ὲ
1465 3016 1486 3041 11
1501 3024 1644 3050 paragone
1658 3025 1710 3042 con
1726 3024 1775 3042 san
1790 3017 1947 3043 Giovannl.
