2288 3476
209 1055 213 1059 .
229 1042 276 1064 631‘

309 2844 340 2861 10

367 523 428 556 VI.
452 523 540 555 Item
564 523 605 555 de
628 523 741 555 eodem
764 531 864 564 rege,
888 526 922 553 et
943 521 1060 553 eadem
1084 521 1220 552 domina
1250 520 1419 563 Mathildi,
1443 525 1477 553 et
1498 521 1539 553 de
1561 520 1645 553 bello
1668 521 1814 554 militum
1831 521 2026 554 Comitissae
2040 531 2115 554 cum
2130 531 2216 566 rege
2230 512 2242 560 J

1062 221 1194 258 VITA
1221 220 1519 256 MATHILDIS

764 345 879 378 Urbes
901 343 1037 377 vicinae
1061 342 1253 376 laudabunt
1274 348 1309 375 te
1332 348 1384 375 sat
1406 342 1532 385 opime,

764 398 819 430 Ac
844 397 920 430 fore
944 407 1064 429 secura
1088 401 1204 428 tamen
1227 396 1322 428 haud
1344 395 1449 428 aliter
1471 401 1571 438 potes
1593 406 1754 439 unquam.

454 577 551 620 apud
573 575 608 608 T
605 574 875 609 res-Comitatus.

663 674 717 701 550

663 942 714 968 555

665 1204 718 1236 560

663 1473 714 1505 565

666 1746 719 1773 570

665 2015 715 2041 575

663 2276 715 2309 580

454 2465 502 2483 vv.
522 2456 640 2489 551-52)
664 2457 687 2482 Il
715 2464 838 2482 vescovo
863 2457 1039 2490 gregoriano
1065 2458 1093 2481 (li
1119 2456 1267 2486 Mantova,

365 2499 486 2531 Ubaldo,
507 2500 558 2524 che
577 2507 646 2524 avea
666 2499 779 2533 sepolto
799 2499 845 2524 nel
868 2497 936 2523 1086
955 2499 1092 2524 Anselmo
1112 2500 1140 2524 di
1165 2500 1265 2531 Lucca,

850 660 929 693 Rex
951 659 1056 703 igitur
1077 665 1181 702 capta
1203 659 1360 704 gaudens
1385 670 1428 692 ex
1450 659 1536 693 urbe
1559 660 1680 699 relata,

761 713 965 746 Pontificem
990 713 1115 746 falsum
1140 713 1319 746 Cononem
1343 718 1448 758 gente
1470 713 1684 746 Lemannum

762 766 838 799 Illic
863 776 939 799 esse
962 766 1069 805 iubet,
1091 766 1160 799 iam
1183 767 1300 809 presul
1323 766 1483 800 Ubaldus
1505 766 1549 799 ab
1572 767 1658 800 urbe

763 820 914 863 Fugerat
936 819 982 852 ad
1004 819 1171 864 grandem
1197 819 1413 852 Comitissam
1439 819 1728 863 catholicamque.

762 875 842 908 Rex
864 879 974 906 terras
997 873 1087 906 ultra
1110 873 1287 916 tenuitque
1313 873 1444 906 Padum
1468 873 1544 905 fere
1566 879 1723 912 cunctas,

761 927 944 966 Plathena,
966 927 1109 971 Nogara
1133 926 1211 965 nisi,
1232 937 1320 971 quae
1343 932 1423 959 sunt
1446 927 1577 970 oppida
1600 926 1702 959 clara.

762 982 861 1014 Haec
883 981 963 1013 loca
986 990 1111 1023 nempe
1135 980 1236 1012 fidem
1260 991 1444 1014 servavere
1468 980 1697 1021 Comitissae,'

762 1035 873 1080 Regis
894 1040 1065 1068 terrorem
1089 1035 1389 1078 despexeruntque
1417 1035 1592 1072 furorem3

761 1089 843 1122 Rex
865 1088 916 1121 ibi
939 1097 1011 1121 non
1033 1089 1166 1121 hastam
1190 1088 1303 1131 potuit
1324 1098 1438 1132 neque
1462 1089 1596 1121 mittere
1620 1089 1785 1131 plantam.

761 1142 837 1175 Hac
860 1148 896 1175 et
917 1142 954 1174 in
977 1147 1109 1175 aestate
1139 1143 1276 1185 capitur
1298 1142 1472 1175 Minervia
1493 1153 1598 1180 sane3

764 1196 907 1229 Hancve
934 1196 1026 1228 fame
1051 1195 1154 1240 cepit,
1177 1195 1353 1228 nonnullis
1378 1196 1529 1239 denique
1543 1195 1651 1238 {telis;

764 1248 879 1287 Quam
903 1259 967 1282 rex
990 1249 1156 1291 possedit,
1178 1259 1244 1281 nec
1268 1248 1313 1282 ob
1336 1250 1404 1282 hoc
1429 1248 1613 1282 Comitissa
1635 1250 1771 1283 recedit

764 1302 796 1335 A
818 1303 894 1336 zelo
917 1302 1023 1340 Petri,
1048 1313 1113 1346 pro
1136 1312 1205 1346 quo
1227 1302 1318 1334 mala
1340 1308 1437 1335 tanta
1460 1303 1602 1346 recepit.

763 1355 864 1395 Quae
888 1366 952 1399 per
978 1357 1177 1399 Regensem
1202 1355 1400 1389 comitatum
1424 1366 1485 1388 seu
1507 1356 1739 1390 Motinensem

761 1410 838 1443 Ibat
858 1410 1041 1449 laetanter,
1065 1409 1224 1452 proprias
1246 1409 1405 1442 firmabat
1430 1415 1464 1442 et
1486 1420 1596 1449 arces,

761 1463 968 1497 Nullatenus
990 1469 1084 1496 certe
1110 1463 1299 1505 desperans
1321 1463 1462 1496 vincere
1485 1473 1615 1507 regem.

763 1518 883 1550 Mores
906 1523 1010 1560 atque
1034 1518 1107 1550 vias
1129 1516 1222 1549 illius
1245 1517 1360 1563 sepi—us
1383 1517 1459 1559 ipsa

763 1570 982 1613 Reperiebat
1004 1570 1064 1610 ita,
1087 1570 1180 1613 quod
1204 1580 1342 1613 semper
1364 1580 1432 1613 quo
1456 1571 1565 1604 malus
1587 1570 1659 1604 ibat

762 1624 927 1663 Noverat,
950 1623 1096 1657 athletas
1120 1630 1156 1657 et
1178 1629 1326 1667 quantos
1347 1624 1422 1666 ipse
1446 1625 1597 1658 tenebat.

766 1678 857 1710 Nam
880 1683 1063 1721 postquam
1085 1688 1214 1721 magna
1237 1677 1304 1710 fuit
1326 1688 1388 1710 arx
1409 1677 1583 1711 Minervia
1608 1684 1722 1721 capta,

763 1732 940 1774 Tempore
963 1741 1025 1764 rex
1047 1731 1169 1764 hiemis
1192 1730 1333 1764 Athesis
1354 1737 1450 1764 trans
1471 1731 1599 1765 flumen
1622 1731 1741 1771 abivit,

763 1785 984 1828 Principibus
1005 1795 1136 1818 vacuus
1156 1791 1238 1818 tunc
1263 1784 1431 1818 militibus
1453 1794 1567 1828 neque
1591 1785 1711 1819 fultus.

762 1840 842 1872 Hoc
866 1839 990 1873 didicit
1012 1848 1139 1881 nempe
1162 1839 1317 1881 prudens
1338 1838 1535 1878 Comitissa‚
1557 1845 1701 1881 repente

761 1893 861 1926 Mille
884 1893 977 1924 viros
1000 1892 1110 1925 fortes
1131 1901 1276 1924 numero
1298 1892 1377 1934 plus
1399 1891 1495 1924 iussit
1517 1893 1563 1925 ad
1587 1892 1721 1925 hostem

761 1947 914 1990 Pergere
938 1946 1151 1986 bellandum,
1175 1946 1290 1988 campi
1313 1945 1502 1978 certamine
1525 1951 1668 1979 tantum.

763 2001 921 2044 Cumque
944 2000 1032 2033 Padi
1056 1999 1187 2038 latices,
1209 1998 1454 2038 Athesis,''non
1478 2000 1567 2032 vada
1590 2000 1738 2039 sissent,'

762 2053 902 2087 Insidiis
925 2053 1048 2096 plenus
1070 2063 1143 2092 rex,
1165 2053 1259 2095 ipsos
1282 2058 1363 2086 octo
1386 2053 1510 2086 diebus

763 2108 905 2146 vitavit,
928 2107 1070 2140 tardans
1092 2106 1254 2149 proprias
1277 2107 1476 2139 revocando
1499 2106 1699 2150 phalanges

761 2160 928 2194 Traditor
951 2160 1093 2193 istorum
1115 2169 1233 2203 regem
1257 2159 1405 2198 dicebat,
1431 2170 1550 2192 eorum

765 2214 870 2247 Nolle
892 2214 999 2257 spatis
1022 2214 1129 2258 iungi,
1154 2214 1274 2247 deerat
1297 2214 1377 2258 quia
1399 2224 1501 2256 posse
1525 2215 1691 2258 reiungit3

760 2268 863 2301 Talia
886 2268 1081 2306 credentes,
1104 2267 1219 2300 securi
1242 2273 1333 2299 stant
1356 2273 1391 2299 et
1412 2269 1608 2306 inhermes;

762 2322 815 2354 En
840 2320 952 2355 subito
977 2321 1150 2364 spendent
1171 2321 1263 2365 regis
1285 2321 1414 2354 vexilla
1439 2322 1601 2362 ferentes,

1322 2506 1395 2524 nese.
1433 2499 1512 2524 Mun.

1321 2457 1400 2481 drale
1419 2457 1450 2481 di
1469 2457 1618 2481 Cremona.
1657 2458 1779 2489 Nogara,
1798 2457 1846 2490 gia
1865 2456 2048 2489 ricordata,e
2067 2458 2113 2483 nel
2132 2457 2219 2483 Vero-

365 2540 456 2566 lascio
476 2544 554 2567 certo
574 2542 602 2567 la
622 2540 694 2567 citta
714 2549 767 2566 con
788 2540 910 2566 Guelfo:
936 2541 957 2565 il
986 2549 999 2574 5
1020 2542 1171 2566 settembre
1199 2548 1264 2574 1092

365 2591 411 2609 era
431 2593 446 2609 a
466 2585 623 2618 Carpineta
643 2593 698 2610 con
720 2585 746 2609 la
767 2584 906 2610 Contessa
925 2582 1121 2617 (offanum,
1139 2592 1165 2616 p.
1189 2584 1238 2616 158
1251 2591 1266 2608 e

366 2628 522 2659 BAccunn,
539 2631 581 2659 op.
594 2628 649 2657 cit„
669 2635 696 2660 p.
710 2625 756 2660 32)
769 2634 784 2651 e
797 2627 896 2659 quindi
919 2635 997 2660 prese
1017 2629 1098 2660 parte
1111 2627 1139 2651 al
1155 2627 1265 2652 famoso

366 2669 510 2702 consiglio
530 2678 578 2702 per
598 2670 627 2694 la
645 2670 865 2695 sottomissione
885 2677 899 2694 a
921 2669 1069 2695 Gulberto.
1094 2669 1118 2694 11
1138 2670 1212 2695 Mur.
1227 2670 1265 2694 ri-

366 2711 452 2737 c'orda
471 2712 521 2737 che
541 2713 619 2745 negli
634 2712 744 2737 Annali
759 2713 804 2737 del
818 2712 976 2740 prisciano,
990 2713 1172 2736 manuscritti
1189 2712 1266 2736 nella

365 2753 524 2779 Bibliotecn
538 2754 664 2785 Estense,
679 2755 708 2778 vl
721 2752 735 2778 ὲ
750 2761 785 2777 un
801 2754 928 2787 deloma
942 2761 1025 2778 senza
1039 2755 1113 2785 data,
1129 2761 1174 2778 ma
1189 2754 1264 2778 forse

366 2795 411 2820 del
434 2803 510 2828 1091,
531 2797 560 2821 di
586 2797 692 2821 Enrico
717 2803 733 2821 a
757 2796 888 2821 Corrado
914 2795 1057 2828 (Conone)
1084 2803 1207 2821 vescovo
1233 2796 1264 2820 di

367 2838 514 2863 Mantova.

455 2889 480 2904 v.
499 2879 574 2912 555)
592 2881 717 2906 Piatlena
737 2879 752 2905 ὲ
772 2881 816 2905 nel
833 2880 1011 2912 Coemonese,
1027 2889 1041 2905 e
1055 2882 1148 2913 patria
1163 2881 1207 2905 del
1222 2889 1264 2905 ce-

367 2922 441 2946 lebre
459 2923 650 2951 Bartolomeo,
678 2931 735 2948 non
763 2924 895 2952 Battista,
921 2922 1048 2948 platina:
1077 2924 1097 2947 il
1123 2924 1264 2948 man—hese

369 2963 519 2988 Bonisacio
539 2972 610 2990 avea
628 2968 793 2998 sottoposto
815 2966 859 2990 nel
877 2972 942 2990 1022
960 2967 1067 2991 Curtem
1083 2967 1224 2991 Pladenan
1237 2966 1263 2990 al

370 3013 491 3030 vescovo
514 3007 543 3031 di
572 3007 712 3032 Cremona
738 3008 863 3032 secondo
888 3015 944 3033 una
971 3010 1047 3034 carta
1074 3009 1148 3032 della
1170 3008 1265 3034 Catte-

1408 2550 1435 2566 v.
1454 2540 1525 2574 559)
1537 2542 1603 2566 Non
1617 2541 1631 2566 ὲ
1645 2542 1743 2567 chiaro
1757 2550 1786 2567 se
1800 2544 1841 2567 sia
1854 2542 1990 2568 Manerba
2004 2542 2051 2567 nel
2065 2541 2220 2567 Breselano
2261 2523 2263 2530 y
2275 2542 2281 2561 ²

1320 2584 1363 2608 sul
1383 2585 1450 2617 lago
1471 2585 1498 2608 di
1520 2583 1624 2613 Garda,
1644 2593 1661 2609 o
1681 2584 1810 2609 Minerbe
1828 2592 1926 2619 presso
1944 2584 2080 2617 Legnago
2099 2585 2146 2609 nel
2165 2584 2218 2609 Ve-

1321 2634 1433 2652 ronese:
1460 2626 1474 2651 ὲ
1502 2627 1666 2659 preferibile
1692 2628 1721 2652 la
1746 2628 1839 2659 prima
1863 2627 2101 2652 identificnzione.
2139 2627 2218 2653 Μυκ.

1319 2669 1382 2694 Non
1403 2671 1431 2694 vi
1452 2669 1466 2694 *e
1487 2678 1588 2695 nessun
1610 2671 1725 2695 ricorde
1744 2671 1795 2695 che
1813 2670 1934 2695 Matilde
1959 2670 2123 2702 possedesae
2141 2669 2219 2694 l'una

2235 566 2243 621 ξ,

1319 2720 1336 2735 ο
1357 2711 1452 2737 l'altra
1472 2712 1502 2736 di
1521 2714 1617 2744 queste
1637 2714 1690 2737 due
1711 2713 1819 2741 rocche,
1838 2721 1853 2737 e
1873 2713 1922 2737 che
1943 2713 2019 2737 fosse
2030 2718 2088 2737 unt
2100 2720 2151 2737 arn
2162 2720 2219 2738 ma·
2265 2711 2268 2715 ’

1316 2762 1376 2786 gna
1395 2754 1434 2786 (v.
1455 2753 1524 2787 569).

1410 2806 1433 2821 υ.
1454 2798 1522 2829 575)
1542 2798 1658 2822 Atlaeesis.
1670 2815 1675 2822 .
1688 2816 1693 2821 .
1708 2814 1715 2822 .

1319 2840 1329 2863 i
1348 2839 1444 2870 guad&
1464 2847 1537 2863 non:
1557 2839 1659 2864 ebbero
1679 2842 1802 2873 passato.

1407 2891 1453 2907 vv.
1472 2882 1586 2915 578-79)
1607 2882 1630 2907 11
1646 2883 1787 2907 traditore
1802 2880 1877 2914 (cioe
1891 2882 1954 2914 Ugo
1967 2883 2045 2907 sotto
2058 2879 2218 2916 rimu-dato)

1318 2925 1417 2949 diceva
1437 2925 1489 2950 che
1508 2924 1530 2949 il
1552 2931 1580 2949 re
1599 2932 1656 2948 non
1679 2925 1762 2949 volen
1781 2932 1856 2949 esser
1882 2925 2033 2957 raggiunto
2059 2923 2135 2949 dalle
2152 2924 2217 2950 loro

1735 2798 1807 2822 vada
1827 2797 1930 2826 sissent,
1944 2797 2056 2822 avendo
2075 2803 2217 2829 permesso

1319 2967 1419 2998 spade:
1439 2975 1453 2990 e
1473 2968 1651 3000 aggiungeva
1673 2964 1820 2999 (rm'ungil)
1838 2965 1938 2999 perche
1963 2966 2005 2998 gli
2029 2974 2164 2992 mancava
2187 2967 2215 2992 la
2263 2999 2266 3001 -
2285 2997 2288 3005 1

1320 3010 1408 3039 son-za,
1431 3016 1503 3033 non:
1525 3009 1546 3033 il
1568 3009 1652 3033 modo
1672 3010 1700 3033 (li
1722 3010 1827 3042 potet-si
1855 3010 2074 3041 ri‹·ongiungere
2093 3010 2120 3033 ai
2143 3010 2214 3034 suoi.
