2288 3476
425 216 597 251 XXXVI
1175 214 1513 251 PREFAZIONE

430 340 604 376 “stabant
633 341 709 375 sine
738 339 905 375 custodia
943 345 979 375 et
1016 340 1208 384 inhermes,
1246 338 1345 388 quod
1373 351 1498 386 regem
1535 351 1609 375 non
1637 339 1750 375 latuit.
1807 338 1912 374 Tunc
1940 350 2006 375 rex
2036 343 2261 386 congregato

428 407 443 425 ⁸
461 407 623 443 exercitu
652 418 718 441 suo
736 406 869 442 invasit
898 418 963 441 eos
983 412 1054 441 etc.
1109 406 1271 441 Domina
1291 411 1412 441 autem
1433 405 1704 441 consollabatur
1731 405 1804 441 suis
1832 405 1975 441 dicens:
2005 405 2077 441 Ista
2105 410 2158 440 est
2177 417 2265 440 con-

427 473 616 509 “suetudo
645 472 840 518 bellorum,
878 474 961 519 quia
998 485 1092 507 nunc
1128 473 1236 516 hunc,
1275 484 1368 507 nunc
1405 471 1508 507 illum
1545 473 1728 507 consumit
1764 471 1966 519 gladius„;
2004 472 2061 508 nel
2100 470 2263 518 capitolo

421 545 594 587 seguente
624 538 647 573 il
684 541 698 558 “
717 539 902 574 Gerardus
929 526 1075 586 signifer
1095 567 1109 584 „
1143 550 1251 585 preso
1280 550 1301 573 a
1329 539 1462 574 Monte
1490 538 1647 573 Alstedo
1676 539 1826 574 diventa
1854 550 1928 574 uno
1963 537 1978 556 ‘⁴
1995 538 2174 585 scutifer„
2190 548 2200 584 ;
2228 536 2263 573 le

421 606 606 642 trattative
635 605 671 639 di
699 605 958 651 Monteveglio
987 617 1079 640 sono
1109 611 1253 651 esposte
1282 606 1574 643 inesattamente.

507 672 598 707 Non
626 673 654 707 si
683 671 862 707 finirebbe
891 678 1014 718 presto
1035 672 1092 706 nel
1112 671 1266 707 rilevare
1285 671 1334 718 gli
1357 672 1467 706 errori
1488 672 1616 718 grossi,
1638 683 1661 705 o
1680 672 1823 716 minuti,
1845 683 1914 706 con
1944 672 2002 706 cui
2022 673 2041 706 ὲ
2062 671 2218 707 alterato
2237 670 2261 705 il

421 739 589 785 pensiero
618 751 638 773 e
667 740 702 774 13
729 739 856 786 parola
885 737 922 773 di
951 738 1166 773 Donizone:
1197 738 1447 773 Montz'culum
1476 738 1624 775 diventa
1646 738 1808 773 llsontem
1837 737 1992 773 cullum:
2024 738 2056 772 al
2087 748 2166 784 cap.
2195 737 2263 782 IX,

421 805 558 841 Enrico
588 806 716 841 invece
747 805 784 840 di
812 805 995 841 assediare
1024 806 1178 851 Nogara
1204 805 1239 840 la
1275 806 1374 841 tiene
1411 806 1472 851 gin
1510 810 1693 851 occupata
1713 802 1734 839 ¹.
1790 805 1857 839 Ρίὺ
1894 806 2017 839 avanti
2055 805 2075 839 ὲ
2103 803 2259 840 Matilde

422 872 489 907 che
519 871 648 906 chiede
677 871 711 906 al
739 884 834 919 papa
862 871 1044 919 Pasquale
1065 884 1110 906 un
1132 871 1360 919 consigliere‚
1381 883 1400 905 e
1420 883 1492 906 non
1510 871 1535 906 il
1565 882 1658 918 papa
1678 884 1699 906 3
1726 871 1884 907 inviarlo
1911 875 2264 918 spontaneamente;

423 937 456 974 al
484 937 614 973 sinodo
644 938 679 972 di
711 938 898 974 Guastalla
926 939 946 973 ὲ
974 950 1013 973 re
1041 937 1211 973 Corrado
1240 939 1307 973 che
1335 939 1433 973 invia
1461 939 1568 973 messi
1597 938 1630 973 al
1659 950 1757 985 papa
1786 950 1807 974 a
1836 937 1984 974 chieder
2012 937 2046 973 la
2075 937 2264 974 conferma

422 1004 481 1040 del
510 1016 637 1051 regno,
668 1004 714 1040 ed
735 1005 850 1041 anche
871 1005 931 1053 piu
951 1005 1074 1041 avanti
1093 1005 1129 1040 vi
1158 1006 1177 1039 ὲ
1198 1005 1411 1041 confusione
1430 1010 1486 1040 tra
1506 1005 1673 1040 Corrado
1693 1005 1740 1040 ed
1759 1005 1893 1041 Enrico
1916 1005 1953 1040 V
1973 1004 2266 1051 probabilmente

420 1072 555 1119 perche
582 1071 607 1107 il
636 1076 734 1108 testo
763 1071 800 1107 di
827 1072 1024 1107 Donizone
1060 1071 1162 1119 parla
1199 1071 1259 1108 del
1296 1084 1335 1106 re
1372 1083 1478 1107 senza
1515 1071 1702 1107 indicarne
1739 1072 1765 1107 il
1802 1083 1925 1106 nome.
1981 1070 2054 1107 Nel
2089 1077 2268 1107 racconto

420 1151 487 1185 per
515 1139 549 1174 13
578 1144 713 1175 venuta
741 1138 777 1173 di
806 1145 937 1186 questo
965 1140 993 1174 si
1023 1139 1173 1174 afferma
1202 1139 1270 1174 che
1298 1144 1390 1175 tutte
1421 1139 1454 1173 le
1475 1139 1564 1174 cittii
1593 1139 1622 1174 si
1651 1144 1964 1175 sottornettevano
1991 1149 2012 1172 a
2041 1137 2091 1173 lui
2120 1143 2268 1174 eccetto

419 1204 561 1241 Milano
591 1218 610 1240 e
639 1205 674 1241 le
703 1212 799 1241 terre
829 1206 866 1240 di
894 1205 1052 1241 Matilde
1088 1205 1102 1222 ‘⁴
1121 1218 1191 1253 que
1222 1217 1305 1241 eum
1334 1217 1487 1241 exosum
1523 1205 1685 1240 habebat
1713 1210 1750 1240 et
1786 1205 1853 1239 sibi
1890 1204 1998 1240 valde
2026 1204 2266 1250 resistebat„

420 1280 561 1308 mentre
591 1273 786 1308 Donizone
814 1273 851 1307 in
878 1273 960 1320 quel
990 1279 1106 1319 punto
1133 1272 1282 1309 intende
1311 1272 1452 1318 parlare
1481 1272 1577 1308 delle
1606 1272 1696 1308 lotte
1724 1272 1819 1307 della
1849 1272 2026 1307 Contessa
2053 1272 2112 1308 col
2140 1270 2266 1318 padre.

508 1341 825 1375 Contrariamente
867 1341 998 1375 invece
1036 1339 1082 1374 ad
1119 1340 1200 1375 altri
1243 1340 1489 1387 epitomatori‚
1527 1339 1572 1373 ha
1610 1351 1805 1386 compreso
1842 1339 1867 1374 il
1904 1339 2048 1374 motivo
2084 1349 2105 1374 a
2141 1338 2197 1373 cui
2231 1339 2281 1384 (3

422 1412 535 1454 torto)
573 1407 768 1443 Donizone
806 1407 1015 1442 attribuisce
1043 1407 1077 1442 13
1114 1412 1255 1442 rottura
1285 1407 1342 1441 col
1380 1417 1491 1454 papa:
1524 1418 1582 1440 ma
1619 1407 1826 1453 sproposita
1855 1406 1910 1440 nel
1950 1410 2128 1442 racconto
2167 1405 2264 1440 dena

421 1474 609 1521 battaglia,
639 1473 773 1520 perche
802 1475 932 1509 invece
962 1473 998 1508 di
1027 1475 1080 1509 far
1109 1474 1176 1509 che
1205 1474 1216 1508 i
1246 1474 1453 1508 Lombardi
1481 1473 1620 1509 salvino
1648 1473 1672 1508 il
1701 1485 1753 1518 re,
1783 1473 1816 1508 fa
1846 1473 1912 1509 che
1941 1473 2057 1520 questi
2096 1484 2169 1508 con
2197 1473 2285 1509 essi-

422 1552 572 1576 accorra
599 1542 636 1575 in
664 1552 842 1576 soccorso
872 1540 931 1575 dei
959 1542 1038 1576 suoi
1059 1553 1078 1576 e
1099 1541 1283 1588 aggiunge
1305 1541 1372 1575 che
1391 1539 1550 1575 Matilde
1569 1540 1764 1576 informata
1784 1539 1844 1575 del
1865 1540 1957 1575 fatto
1975 1540 2075 1575 invia
2095 1539 2267 1575 Arduino

420 1619 440 1642 a
469 1607 618 1643 chieder
646 1607 680 1643 13
707 1607 838 1643 libert&
867 1607 926 1642 dei
954 1608 1124 1643 vescovi:
1153 1607 1204 1655 gli
1223 1607 1305 1643 altri
1325 1607 1561 1654 epitomatori
1589 1608 1720 1642 invece
1749 1612 1916 1642 mettono
1945 1607 2028 1642 trai
2058 1606 2288 1654 prigionieri„

421 1675 536 1710 anche
565 1673 627 1719 lui,
657 1679 799 1710 mentre
828 1674 1026 1709 Donizone
1055 1674 1139 1709 dice
1167 1674 1247 1710 solo
1276 1674 1343 1709 che
1372 1682 1501 1722 questo
1529 1685 1652 1709 messo
1682 1673 1719 1708 di
1746 1673 1903 1710 Matilde
1931 1674 1961 1708 si
1997 1678 2167 1721 presenta
2203 1671 2288 1724 (dafj

420 1739 472 1791 se)
502 1741 550 1777 ad
577 1741 717 1777 Enrico
744 1754 811 1789 per
838 1741 1025 1777 ricordare
1055 1741 1089 1777 la
1117 1752 1304 1789 promessa
1332 1741 1420 1776 satta
1451 1753 1472 1776 a
1498 1741 1670 1777 Matilde.
1726 1741 1793 1776 Ρίὺ
1829 1741 1950 1777 avanti
1987 1739 2135 1789 quando
2167 1726 2288 1794 parlaf‘dss

421 1808 456 1843 di
485 1809 668 1845 Mantova
696 1809 763 1844 che
792 1810 812 1843 ὲ
842 1809 1060 1844 minacciata
1088 1809 1134 1845 da
1161 1808 1331 1848 Matilde,
1363 1808 1400 1843 fa
1429 1809 1496 1844 che
1526 1809 1536 1843 i
1567 1808 1732 1844 cittadini
1768 1807 1782 1824 “
1799 1808 1963 1854 galiones
1981 1813 2019 1843 et
2037 1819 2150 1843 naves
2179 1819 2281 1843 οο3-»

426 1875 649 1912 “traxerunt
676 1876 713 1911 in
741 1876 823 1911 lacu
841 1902 875 1923 „‚
904 1876 938 1911 le
966 1875 1064 1924 quali
1094 1881 1197 1911 certo
1225 1887 1318 1911 sono
1356 1876 1390 1911 le
1430 1874 1445 1892 “
1463 1874 1578 1911 celsas
1605 1885 1650 1911 ac
1678 1886 1817 1922 puppes
1854 1879 2012 1910 armatas
2038 1873 2133 1909 hanc
2159 1854 2287 1920 super'K

429 1941 443 1959 “
461 1942 589 1978 urbem
609 1972 624 1989 „
658 1944 726 1978 che
753 1943 950 1978 Donizone
978 1943 1110 1978 invece
1139 1943 1176 1978 fa
1204 1953 1400 1990 preparare
1429 1953 1449 1977 a
1477 1941 1648 1978 Matilde.
1686 1943 1702 1977 I
1732 1941 1897 1977 cittadini
1917 1941 1980 1988 poi
2000 1952 2065 1988 per
2084 1940 2284 1979 discutere

423 2009 521 2044 della
549 2010 728 2046 condotta
757 2009 803 2045 da
829 2014 955 2045 tenere
984 2009 1014 2045 si
1041 2009 1254 2044 riuniscono
1291 2010 1328 2044 in
1365 2022 1412 2044 un
1454 2009 1469 2026 “
1488 2009 1691 2044 Consilium
1729 2007 1901 2054 generale
1919 2034 1953 2055 „.
2007 2007 2046 2043 S.
2083 2007 2269 2044 Anselmo

423 2088 553 2112 muore
581 2076 618 2110 in
647 2081 779 2123 agosto
808 2076 960 2111 anziche
988 2076 1024 2110 in
1052 2085 1198 2121 marzo3
1227 2075 1325 2111 Sutri
1355 2073 1551 2124 (Sutrium)
1581 2074 1732 2110 diventa
1766 2075 1781 2092 ‘⁴
1800 2074 1875 2110 Sub
1895 2074 2006 2110 trium
2025 2075 2215 2111 civitatem
2233 2082 2273 2122 1,;,

421 2142 457 2177 13
485 2144 616 2178 Marca
644 2143 711 2178 che
739 2142 941 2179 obbedisce
970 2155 990 2178 3
1018 2141 1174 2178 Matilde
1202 2144 1222 2178 e
1243 2142 1344 2178 detta
1381 2144 1395 2161 “
1412 2142 1581 2179 Marchia
1601 2148 1639 2178 ut
1660 2146 1749 2188 puto
1769 2141 1951 2177 Trivisina
1971 2153 2041 2189 que
2060 2147 2147 2177 tunc
2166 2138 2274 2176 dice-⁸

427 2209 442 2227 “
461 2209 569 2245 batur
597 2210 821 2247 Veronensis
837 2235 871 2257 „.
2272 2203 2273 2207 ¹

508 2277 623 2324 Dopo
651 2277 676 2312 il
705 2277 884 2313 riassunto
913 2276 972 2312 del
1001 2288 1136 2324 poema
1164 2288 1327 2323 seguono
1356 2281 1484 2325 queste
1513 2275 1708 2323 appendici
1738 2276 1806 2311 che
1835 2281 1949 2311 mette
1978 2281 2091 2311 conto
2119 2274 2156 2310 di
2184 2275 2270 2313 riser

422 2343 493 2378 rire
523 2356 543 2379 e
571 2345 785 2380 riassumere
813 2344 946 2390 perche
975 2344 1011 2378 in
1041 2350 1145 2390 parte
1173 2342 1426 2390 indipendenti
1455 2343 1500 2378 da
1528 2343 1739 2378 Donizone.
2268 2339 2269 2342 ’

510 2457 550 2489 In
573 2457 638 2489 ista
660 2457 772 2490 nobili
797 2457 973 2499 conpletta
995 2462 1047 2489 est
1071 2457 1193 2489 domus
1216 2456 1398 2489 Canuxina
1423 2456 1659 2495 nobillissima,
1691 2466 1757 2500 que
1783 2456 1850 2488 fuit
1874 2455 2090 2488 defensatrix
2117 2455 2271 2489 ecclesi

420 2510 577 2542 Romane
603 2516 638 2542 et
667 2510 783 2543 omnia
813 2510 905 2543 bona
927 2521 987 2543 sua
1017 2516 1258 2542 remanserunt
1289 2509 1448 2542 ecclesie.
1496 2510 1586 2541 Nam
1611 2510 1683 2551 ipsa
1707 2515 1742 2542 et
1764 2510 1816 2541 sui
1845 2510 2113 2552 predecessores
2142 2508 2228 2542 mult

419 2563 586 2596 ecclesias
608 2570 876 2597 construxerunt
898 2569 933 2596 et
963 2564 1201 2597 doctaverunt.
1249 2564 1338 2596 Nam
1370 2563 1582 2596 monasteria
1605 2563 1829 2606 infrascripta
1851 2564 2011 2596 fecerunt
2041 2569 2077 2595 et
2099 2557 2268 2596 doctaved

418 2622 520 2650 runt:
541 2616 766 2656 canusinum,
790 2616 1037 2660 Ponposinum,
1054 2617 1305 2655 Guastallense‚
1329 2617 1585 2650 Fraxinorense
1610 2623 1644 2649 et
1666 2617 1788 2649 multas
1813 2616 1897 2649 alias
1920 2615 2075 2649 eclesias.
2263 2622 2265 2624 ’

512 2671 581 2702 Ista
612 2670 738 2703 nobilis
769 2671 909 2704 domina
931 2670 996 2703 toti
1027 2671 1156 2703 mondo
1187 2670 1337 2702 celebris
1368 2670 1454 2702 vixit
1485 2670 1520 2701 in
1552 2671 1618 2702 hoc
1650 2671 1780 2702 mundo
1813 2670 1912 2702 annis
1944 2678 2044 2702 thx.
2090 2669 2171 2712 Ipsa
2201 2669 2267 2714 fuit

421 2723 612 2764 iustissima,
638 2734 716 2755 nam
741 2730 898 2766 tempore
922 2733 984 2756 suo
1007 2723 1145 2767 tyranni
1168 2733 1237 2755 non
1260 2722 1499 2765 prevalebant‚
1523 2723 1661 2756 iusticia
1683 2722 1884 2756 servabatur
1908 2728 1975 2755 etc.
2018 2722 2071 2755 Ex
2093 2721 2271 2773 premissi&

420 2776 502 2808 satis
525 2787 678 2819 congrue
702 2777 821 2810 dicere
837 2787 1016 2819 possumus
1032 2776 1128 2819 quod
1144 2775 1301 2808 Christus
1317 2785 1393 2808 eam
1410 2776 1518 2819 elegit
1534 2782 1568 2808 et
1584 2776 1833 2819 predestinavit
1855 2781 1889 2808 et
1906 2775 2154 2808 beatitudinem
2177 2780 2252 2808 etet

422 2839 502 2861 nam
524 2829 555 2861 ei
579 2830 722 2862 donavit
744 2830 805 2862 ubi
828 2840 906 2862 cum
929 2830 1005 2872 ipso
1029 2830 1114 2862 vivit
1138 2836 1172 2863 et
1195 2835 1318 2873 regnat
1342 2830 1378 2862 in
1402 2830 1520 2862 secula
1543 2830 1748 2862 seculorum.
1794 2829 1869 2861 Deo
1892 2829 2032 2872 gratias.

513 2957 519 2972 ¹
540 2959 566 2983 A
585 2962 683 2991 questo
702 2960 832 2992 episodio
853 2961 998 2994 l’epitome
1018 2968 1136 2994 assegna
1150 2961 1175 2985 la
1190 2961 1256 2986 data
1269 2961 1315 2985 del
1370 2960 1534 2990 deduzione,
1549 2961 1724 2986 dall'ordine
1737 2961 1781 2985 del
1796 2963 1939 2989 racconto,
1955 2967 2011 2984 non
2026 2967 2083 2985 una
2097 2959 2205 2984 notizla
2218 2959 2249 2984 in
2268 2981 2271 2990 ,

427 3005 490 3033 ¹095
512 3009 556 3025 ma
575 3003 598 3025 si
618 3003 731 3035 capisce
750 3004 801 3028 che
821 3003 917 3027 valore
943 3002 999 3036 puo
1020 3011 1114 3028 avere:
1135 3002 1150 3028 'e
1170 3010 1226 3028 una
1246 3011 1315 3035 pura
1371 3003 1544 3035 dipendente
1564 3004 1598 3028 da
1612 3003 1773 3028 Donizone.
